12928 21036
1144.0 1448.0 416.0 180.0 ftnq,
1652.0 1444.0 532.0 176.0 XXKQ.

6064.0 1468.0 128.0 132.0 7
6332.0 1464.0 128.0 132.0 H
6628.0 1468.0 104.0 136.0 2

10568.0 1476.0 528.0 180.0 fVOLIf

1144.0 1824.0 1664.0 296.0 KEN
3288.0 1832.0 280.0 280.0 T
4048.0 1832.0 312.0 288.0 U
4760.0 1816.0 248.0 304.0 C

6272.0 1848.0 296.0 280.0 Y
7064.0 1848.0 304.0 280.0 G
7792.0 1864.0 280.0 296.0 A
9168.0 1864.0 264.0 272.0 E
9760.0 1848.0 272.0 288.0 T
10336.0 1856.0 272.0 280.0 T
10936.0 1864.0 264.0 280.0 E

2168.0 2164.0 280.0 104.0 JSTgr-

4244.0 2608.0 80.0 124.0 S
4496.0 2612.0 108.0 116.0 A
4772.0 2608.0 112.0 120.0 T
5056.0 2612.0 116.0 116.0 U
5340.0 2616.0 112.0 116.0 R
5616.0 2612.0 112.0 120.0 D
5900.0 2620.0 108.0 116.0 A
6180.0 2620.0 156.0 140.0 Y,
6988.0 2636.0 600.0 128.0 MARCH
7692.0 2684.0 192.0 108.0 14,
8000.0 2660.0 372.0 132.0 1780.

1164.0 3172.0 1060.0 128.0 LEXINGTON:
2316.0 3172.0 472.0 144.0 Prints
2904.0 3184.0 132.0 148.0 iy
3088.0 3176.0 436.0 156.0 JOHN
3640.0 3176.0 892.0 128.0 BRADFORD
4620.0 3200.0 120.0 88.0 at
4800.0 3172.0 188.0 112.0 his
5048.0 3168.0 444.0 116.0 Office
5528.0 3168.0 116.0 108.0 in
5680.0 3164.0 328.0 112.0 Main
6072.0 3164.0 396.0 136.0 Street,
6620.0 3164.0 372.0 120.0 -white
7080.0 3172.0 836.0 148.0 Suhfcriptions,
8016.0 3176.0 952.0 156.0 Advertijements,
9064.0 3180.0 248.0 148.0 &c.
9368.0 3184.0 200.0 156.0 for
9604.0 3184.0 228.0 120.0 this
9936.0 3208.0 376.0 128.0 paper,
10404.0 3216.0 184.0 84.0 ere
10608.0 3168.0 716.0 172.0 thankfully

3428.0 3356.0 36.0 32.0 '
3608.0 3336.0 520.0 140.0 received,
4196.0 3336.0 216.0 120.0 and
4496.0 3340.0 604.0 116.0 Printing
5160.0 3336.0 112.0 112.0 in
5328.0 3332.0 152.0 112.0 its
5504.0 3324.0 520.0 152.0 different
6076.0 3324.0 516.0 132.0 branches
6684.0 3328.0 260.0 120.0 dons
7004.0 3336.0 276.0 120.0 with
7316.0 3336.0 260.0 116.0 Care
7612.0 3336.0 212.0 120.0 and
7856.0 3336.0 700.0 152.0 Expedition.
10524.0 3312.0 108.0 28.0 "
10792.0 3324.0 112.0 152.0 ';

1176.0 3936.0 580.0 292.0 TO
1948.0 3940.0 488.0 284.0 BE
2536.0 3936.0 1040.0 280.0 SOLD

1252.0 4276.0 132.0 136.0 A
1620.0 4280.0 336.0 140.0 trad
2064.0 4276.0 148.0 136.0 of
2340.0 4272.0 356.0 160.0 land,
2864.0 4260.0 468.0 148.0 situate
3472.0 4264.0 144.0 144.0 in

1184.0 4496.0 32.0 44.0 "
1596.0 4472.0 216.0 144.0 the
1908.0 4508.0 516.0 140.0 county
2568.0 4456.0 1052.0 176.0 ofjefferfon.on

1180.0 4676.0 236.0 148.0 the
1480.0 4712.0 472.0 100.0 waters
2020.0 4660.0 164.0 144.0 of
2228.0 4664.0 276.0 148.0 Fox
2572.0 4696.0 356.0 140.0 Run,
2996.0 4712.0 72.0 104.0 a
3120.0 4660.0 504.0 136.0 branch

1184.0 4872.0 176.0 140.0 of
1476.0 4868.0 720.0 140.0 BrafheaA
2300.0 4892.0 468.0 128.0 Creelc,
2844.0 4892.0 784.0 140.0 containing

1192.0 5120.0 268.0 88.0 one
1596.0 5060.0 656.0 148.0 thousand
2336.0 5108.0 408.0 92.0 acrs.
2968.0 5052.0 356.0 136.0 This
3464.0 5088.0 88.0 96.0 ti-

1188.0 5264.0 192.0 156.0 tle
1440.0 5272.0 104.0 136.0 is
1580.0 5316.0 80.0 88.0 a
1744.0 5260.0 588.0 172.0 Military
2388.0 5300.0 260.0 92.0 one
2712.0 5248.0 264.0 140.0 and
3048.0 5244.0 516.0 184.0 indifpu-

1192.0 5468.0 408.0 140.0 table.
1808.0 5480.0 104.0 116.0 C
1996.0 5460.0 196.0 152.0 ih,
2264.0 5448.0 524.0 164.0 Goods,
2840.0 5492.0 148.0 92.0 or
3040.0 5448.0 600.0 164.0 produce

1204.0 5664.0 268.0 128.0 vnll
1516.0 5648.0 768.0 132.0 -be"TdlieTi
2444.0 5680.0 84.0 104.0 n
2592.0 5680.0 236.0 136.0 pa)
2872.0 5672.0 372.0 96.0 rnnt
3376.0 5628.0 200.0 144.0 En-

1196.0 5892.0 396.0 136.0 quire
1720.0 5844.0 140.0 128.0 of
1940.0 5840.0 220.0 132.0 the
2232.0 5832.0 792.0 164.0 fubfcriher,
3076.0 5828.0 128.0 136.0 in
3264.0 5824.0 308.0 144.0 Dan-

1200.0 6028.0 356.0 156.0 ville'
1632.0 6028.0 496.0 180.0 during
2232.0 6040.0 224.0 128.0 the
2832.0 6020.0 476.0 140.0 Seffion
3504.0 6012.0 160.0 144.0 of

1208.0 6240.0 228.0 140.0 the
1568.0 6224.0 580.0 144.0 General
2292.0 6252.0 408.0 116.0 Court
2812.0 6220.0 272.0 140.0 and
3244.0 6204.0 336.0 152.0 after-

1212.0 6432.0 440.0 152.0 wards
1776.0 6472.0 128.0 96.0 at
2052.0 6424.0 420.0 132.0 I.exm
2580.0 6448.0 276.0 104.0 ton.

1616.0 6612.0 736.0 120.0 WILLIAM
2428.0 6604.0 716.0 120.0 MURRAY
3232.0 6604.0 268.0 152.0 Jun.

1224.0 6780.0 416.0 128.0 March
1740.0 6816.0 116.0 104.0 2,
1956.0 6784.0 320.0 136.0 1789.

1456.0 7020.0 48.0 68.0 v
1632.0 6992.0 168.0 100.0 no
1968.0 6984.0 236.0 100.0 lus
2364.0 6940.0 260.0 136.0 also
2720.0 6936.0 364.0 140.0 some
3216.0 6928.0 436.0 172.0 lands,

1220.0 7152.0 484.0 144.0 within
1792.0 7144.0 268.0 136.0 five
2148.0 7136.0 380.0 140.0 miles
2612.0 7128.0 160.0 140.0 of
2884.0 7132.0 768.0 180.0 Lexington

1296.0 7404.0 84.0 88.0 o
1484.0 7348.0 184.0 140.0 let
1780.0 7388.0 176.0 88.0 on
2040.0 7372.0 1032.0 148.0 improvement.

1216.0 7864.0 904.0 280.0 NEW
2344.0 7848.0 1296.0 288.0 STORE

1224.0 8352.0 236.0 160.0 Just
1544.0 8344.0 512.0 160.0 opposite
2132.0 8348.0 200.0 116.0 the
2412.0 8376.0 256.0 84.0 nw
2792.0 8336.0 852.0 120.0 Court-House.

1392.0 8636.0 268.0 116.0 The
1768.0 8624.0 608.0 120.0 subscriber
2512.0 8624.0 200.0 112.0 br
2820.0 8620.0 200.0 124.0 iuft
3120.0 8604.0 520.0 128.0 received

1224.0 8792.0 640.0 128.0 abrgeand
1916.0 8788.0 436.0 124.0 eereral
2408.0 8784.0 684.0 116.0 A(Tof"iert
3156.0 8776.0 140.0 112.0 of
3332.0 8776.0 332.0 116.0 DRT

1220.0 8956.0 552.0 116.0 GOODS
1836.0 8956.0 356.0 116.0 AND
2260.0 8940.0 884.0 124.0 GROCERIES
3232.0 8940.0 272.0 116.0 with
3588.0 8972.0 60.0 76.0 a

1212.0 9152.0 512.0 124.0 quantity
1824.0 9124.0 136.0 108.0 of
2008.0 9120.0 324.0 116.0 Nitls
2432.0 9112.0 132.0 112.0 of
2644.0 9108.0 544.0 116.0 different
3300.0 9100.0 336.0 132.0 sizes,

1212.0 9300.0 132.0 104.0 of
1488.0 9288.0 172.0 108.0 his
1720.0 9320.0 272.0 80.0 on
2048.0 9276.0 872.0 140.0 manufacturing
2964.0 9308.0 40.0 100.0 ;
3052.0 9272.0 136.0 132.0 all
3236.0 9268.0 400.0 116.0 which

1216.0 9444.0 1000.0 128.0 heisdcermined
2284.0 9464.0 116.0 88.0 to
2476.0 9436.0 180.0 116.0 sell
2728.0 9472.0 144.0 80.0 on
2912.0 9472.0 108.0 76.0 as
3060.0 9428.0 584.0 120.0 moderate

1220.0 9640.0 116.0 92.0 te
1404.0 9648.0 156.0 80.0 ms
1708.0 9648.0 60.0 72.0 a
1928.0 9608.0 504.0 128.0 poffihle,
2532.0 9600.0 180.0 116.0 for
2800.0 9596.0 324.0 132.0 Cash,
3248.0 9588.0 392.0 124.0 Indian

1220.0 9780.0 180.0 112.0 Co
1468.0 9816.0 104.0 76.0 n.
1648.0 9740.0 604.0 172.0 Tobacco',
2312.0 9780.0 428.0 112.0 nutter.
2852.0 9760.0 500.0 120.0 Tallow,
3428.0 9744.0 216.0 124.0 and

1216.0 9936.0 324.0 152.0 Hogs
1600.0 9936.0 276.0 120.0 lard.
2228.0 9932.0 428.0 156.0 JOHN
2732.0 9920.0 748.0 124.0 DUNCAN.

1732.0 10308.0 176.0 120.0 Of
1976.0 10312.0 376.0 120.0 whom
2392.0 10336.0 252.0 120.0 may
2708.0 10300.0 148.0 116.0 be
2924.0 10288.0 252.0 124.0 had

1376.0 10616.0 100.0 116.0 A
1556.0 10604.0 604.0 124.0 collection
2196.0 10596.0 136.0 116.0 of
2364.0 10592.0 432.0 128.0 Books,
2836.0 10588.0 108.0 108.0 in
3064.0 10572.0 568.0 144.0 Divinity,

1216.0 10776.0 280.0 120.0 Law
1532.0 10760.0 212.0 120.0 and
1800.0 10760.0 228.0 148.0 Phy
2052.0 10752.0 212.0 132.0 fie;
2368.0 10744.0 412.0 124.0 federal
2896.0 10736.0 752.0 136.0 entertaining

1216.0 10936.0 616.0 120.0 Hiftones;
1940.0 10984.0 40.0 24.0 -
2072.0 10920.0 312.0 120.0 some
2504.0 10900.0 440.0 148.0 Enghfh
3016.0 10892.0 204.0 124.0 and
3324.0 10904.0 320.0 108.0 Latin

1216.0 11092.0 436.0 128.0 School
1732.0 11088.0 460.0 128.0 Books,'
2416.0 11108.0 60.0 76.0 a
2548.0 11096.0 432.0 116.0 variety
3032.0 11064.0 136.0 116.0 of
3256.0 11060.0 392.0 116.0 Books

1204.0 11232.0 1320.0 148.0 fortheinftru&ionand
2592.0 11248.0 868.0 104.0 entettainment
3528.0 11220.0 120.0 112.0 of

1212.0 11412.0 668.0 132.0 Children;-
1988.0 11404.0 608.0 120.0 American
2676.0 11404.0 660.0 132.0 Magazines
3432.0 11372.0 216.0 124.0 and

1208.0 11584.0 596.0 132.0 Museums
1868.0 11572.0 140.0 120.0 of
2092.0 11572.0 200.0 112.0 the
2384.0 11564.0 308.0 124.0 latest
2732.0 11556.0 348.0 132.0 dates;
3420.0 11544.0 232.0 116.0 also

1204.0 11728.0 1124.0 148.0 parchment,Deed,
2392.0 11720.0 216.0 116.0 and
2708.0 11728.0 384.0 112.0 Letter
3248.0 11716.0 400.0 140.0 Paper,

1208.0 11912.0 452.0 140.0 Sealing
1704.0 11908.0 332.0 128.0 Wax,
2116.0 11892.0 500.0 140.0 Wafers,
2664.0 11884.0 224.0 116.0 also
2956.0 11872.0 692.0 128.0 Anderson's

1236.0 12084.0 332.0 116.0 Scots
1616.0 12072.0 292.0 152.0 pills.

1692.0 12352.0 260.0 148.0 Any
2008.0 12344.0 140.0 116.0 of
2248.0 12340.0 196.0 116.0 the
2568.0 12332.0 368.0 116.0 above
3068.0 12312.0 576.0 128.0 described

1228.0 12524.0 520.0 140.0 Country
1832.0 12500.0 508.0 128.0 Produce
2396.0 12500.0 224.0 112.0 will
2720.0 12500.0 140.0 108.0 be
2916.0 12484.0 520.0 124.0 received
3544.0 12508.0 108.0 88.0 at

1232.0 12680.0 492.0 124.0 General
1788.0 12668.0 460.0 132.0 Scott's,
2320.0 12668.0 388.0 116.0 where
2780.0 12692.0 56.0 76.0 a
2888.0 12660.0 476.0 136.0 Receipt
3404.0 12644.0 232.0 120.0 will

1228.0 12856.0 512.0 132.0 begiven
1812.0 12840.0 248.0 116.0 that
2136.0 12828.0 228.0 120.0 will
2464.0 12816.0 424.0 160.0 qualify
2936.0 12820.0 196.0 112.0 the
3240.0 12840.0 388.0 88.0 Dearer

1224.0 13036.0 132.0 96.0 to
1424.0 13040.0 444.0 84.0 receive
1908.0 12992.0 400.0 124.0 Goods
2340.0 13024.0 104.0 80.0 in
2496.0 12992.0 676.0 136.0 Lexington.

1408.0 13172.0 668.0 148.0 Lexington,
2136.0 13156.0 276.0 116.0 Dec.
2516.0 13188.0 196.0 108.0 25,
2800.0 13156.0 336.0 132.0 1788.

1236.0 13684.0 168.0 140.0 C
1496.0 13684.0 508.0 184.0 frayed
2080.0 13668.0 752.0 188.0 awayfrom
2904.0 13672.0 220.0 140.0 the
3340.0 13676.0 232.0 136.0 sub

1520.0 13916.0 456.0 112.0 lerioer
2116.0 13888.0 400.0 132.0 about
2728.0 13868.0 212.0 140.0 the
3128.0 13868.0 436.0 144.0 Twen-

1248.0 14104.0 332.0 140.0 tieth
1712.0 14076.0 164.0 140.0 of
2088.0 14068.0 704.0 188.0 tpurnber
3016.0 14060.0 288.0 188.0 laii,
3464.0 14120.0 164.0 92.0 an

1240.0 14292.0 316.0 144.0 Iron
1636.0 14280.0 356.0 172.0 Gray
2168.0 14320.0 412.0 128.0 mare,
2740.0 14272.0 412.0 132.0 about
3316.0 14268.0 248.0 140.0 thir-

1248.0 14532.0 312.0 104.0 teen
1696.0 14480.0 428.0 140.0 hands
2244.0 14476.0 260.0 136.0 and
2652.0 14512.0 72.0 88.0 a
2848.0 14452.0 280.0 152.0 half
3248.0 14460.0 372.0 188.0 high,

1248.0 14692.0 380.0 140.0 three
1740.0 14716.0 388.0 144.0 years
2244.0 14668.0 280.0 180.0 old,
2584.0 14712.0 68.0 84.0 a
2712.0 14656.0 516.0 144.0 natural
3296.0 14692.0 256.0 116.0 trot

1256.0 14924.0 256.0 132.0 ter,
1636.0 14876.0 228.0 140.0 her
2016.0 14916.0 388.0 96.0 mane
2560.0 14860.0 428.0 172.0 hangs
3120.0 14892.0 136.0 100.0 to
3412.0 14868.0 212.0 132.0 the

1260.0 15088.0 360.0 180.0 right
1760.0 15068.0 304.0 148.0 side.
2268.0 15056.0 656.0 144.0 Likewise
3056.0 15044.0 564.0 192.0 strayed,

1252.0 15284.0 380.0 144.0 some
1832.0 15276.0 336.0 144.0 time
2340.0 15264.0 140.0 140.0 in
2624.0 15248.0 752.0 156.0 December
3556.0 15304.0 72.0 92.0 a

1260.0 15472.0 380.0 152.0 small
1812.0 15476.0 232.0 132.0 red
2216.0 15508.0 316.0 96.0 roan
2704.0 15444.0 412.0 168.0 horse,
3316.0 15460.0 312.0 148.0 nine

1256.0 15716.0 388.0 136.0 jears
1748.0 15664.0 272.0 168.0 old,
2116.0 15664.0 408.0 132.0 about
2596.0 15648.0 544.0 136.0 thirteen
3220.0 15648.0 148.0 132.0 ha
3476.0 15656.0 156.0 128.0 ds

1256.0 15868.0 276.0 136.0 and
1640.0 15908.0 76.0 92.0 a
1860.0 15848.0 288.0 144.0 half
2308.0 15848.0 372.0 176.0 high,
2852.0 15832.0 256.0 136.0 low
3252.0 15848.0 316.0 136.0 cairi-

1256.0 16060.0 416.0 180.0 aged,
1828.0 16056.0 260.0 132.0 and
2204.0 16096.0 72.0 88.0 a
2436.0 16028.0 512.0 156.0 natural
3132.0 16088.0 392.0 128.0 pacer
3592.0 16104.0 40.0 96.0 ;

1256.0 16252.0 700.0 140.0 "Whoever
2084.0 16244.0 384.0 136.0 takes
2588.0 16276.0 180.0 128.0 up
2920.0 16204.0 256.0 168.0 said
3292.0 16284.0 292.0 92.0 crea-

1256.0 16488.0 396.0 104.0 tures
1792.0 16444.0 260.0 140.0 and
2120.0 16440.0 500.0 140.0 deliver
2684.0 16428.0 364.0 136.0 them
3196.0 16472.0 132.0 100.0 to
3428.0 16488.0 224.0 88.0 me

1260.0 16644.0 316.0 152.0 shall
1632.0 16640.0 508.0 140.0 receive
2212.0 16632.0 200.0 140.0 for
2468.0 16640.0 216.0 136.0 the
2844.0 16660.0 356.0 112.0 mare
3292.0 16636.0 364.0 140.0 three

1260.0 16852.0 164.0 132.0 dr
1468.0 16848.0 340.0 160.0 Hais,
1896.0 16836.0 264.0 136.0 and
2220.0 16828.0 200.0 140.0 for
2548.0 16836.0 216.0 132.0 rh"
2828.0 16816.0 364.0 144.0 hone
3340.0 16864.0 320.0 148.0 twe,

1276.0 17056.0 256.0 128.0 paid
1616.0 17056.0 144.0 120.0 by
2260.0 17056.0 632.0 92.0 KUUiiKl
2988.0 17056.0 496.0 84.0 iuud.

1440.0 17188.0 268.0 120.0 Feb.
1772.0 17220.0 144.0 108.0 23
1996.0 17196.0 340.0 136.0 1789.
2396.0 17232.0 40.0 32.0 -
3040.0 17220.0 308.0 112.0 2730

1620.0 17976.0 28.0 28.0 .
1752.0 17900.0 340.0 120.0 THE
2220.0 17892.0 1008.0 124.0 FOLLOWING
3700.0 17944.0 16.0 72.0 1

1284.0 18160.0 44.0 72.0 t

2576.0 18244.0 208.0 164.0 tfi

1284.0 18780.0 372.0 132.0 MAY
1716.0 18776.0 200.0 116.0 BE
1968.0 18768.0 368.0 148.0 (HAD
2420.0 18764.0 224.0 116.0 AT
2708.0 18760.0 372.0 120.0 THIS
3152.0 18756.0 564.0 120.0 OFFICE

2384.0 18984.0 312.0 116.0 VIZ.

1272.0 19244.0 580.0 144.0 DEEDS,
1944.0 19244.0 984.0 148.0 SUBPOENAS,
2992.0 19244.0 740.0 120.0 RFPLEVY

1276.0 19420.0 216.0 148.0 ?nd
1552.0 19444.0 516.0 84.0 common
2180.0 19412.0 580.0 128.0 BONDS,
2864.0 19412.0 800.0 132.0 APPRENTI-

1280.0 19584.0 324.0 160.0 CE'S
1732.0 19572.0 1380.0 148.0 INPENTURES.&c.
3204.0 19572.0 208.0 164.0 $Cl
3504.0 19572.0 208.0 128.0 &c.

3976.0 5160.0 524.0 140.0 DON
4640.0 5112.0 1192.0 160.0 CARELES
5924.0 5100.0 292.0 184.0 SM.

3820.0 5664.0 264.0 264.0 A
4216.0 5628.0 676.0 160.0 Beautiful
4944.0 5628.0 304.0 180.0 bay,
5312.0 5608.0 244.0 148.0 full
5608.0 5604.0 268.0 140.0 five
5948.0 5580.0 272.0 148.0 feet

4212.0 5852.0 380.0 136.0 three
4748.0 5828.0 444.0 136.0 inches
5320.0 5816.0 368.0 172.0 high,
5784.0 5792.0 436.0 140.0 stands

3832.0 6056.0 264.0 128.0 this
4216.0 6036.0 440.0 148.0 season
4832.0 6060.0 140.0 100.0 at
5100.0 6020.0 228.0 132.0 the
5444.0 6000.0 780.0 144.0 iubfenbers

3828.0 6240.0 412.0 144.0 liable
4440.0 6228.0 452.0 140.0 within
5088.0 6252.0 272.0 100.0 two
5484.0 6212.0 384.0 128.0 miles
6084.0 6172.0 160.0 136.0 of

3836.0 6444.0 832.0 168.0 Lexington,
4792.0 6464.0 176.0 88.0 on
5052.0 6408.0 224.0 136.0 the
5404.0 6400.0 328.0 140.0 road
5868.0 6380.0 288.0 156.0 lead-

3832.0 6636.0 236.0 176.0 ing
4192.0 6644.0 352.0 132.0 hom
4712.0 6612.0 768.0 172.0 Lexington
5624.0 6640.0 136.0 96.0 to
5908.0 6608.0 324.0 112.0 Gem

3836.0 6836.0 552.0 164.0 Scott's,
4520.0 6820.0 268.0 136.0 and
4932.0 6808.0 256.0 136.0 will
5296.0 6840.0 392.0 100.0 cover
5808.0 6812.0 428.0 108.0 mates

3828.0 7072.0 132.0 96.0 at
4040.0 7024.0 268.0 140.0 five
4432.0 7020.0 484.0 132.0 dollars
5016.0 7004.0 224.0 136.0 the
5396.0 6996.0 428.0 136.0 leafon
5912.0 7024.0 240.0 132.0 pay-

3832.0 7224.0 296.0 140.0 able
4196.0 7224.0 128.0 140.0 in
4432.0 7236.0 412.0 112.0 (.oars
4916.0 7200.0 260.0 140.0 and
5312.0 7188.0 480.0 164.0 calves,
5940.0 7224.0 72.0 88.0 n
6108.0 7204.0 128.0 100.0 at

3832.0 7424.0 456.0 160.0 cattle,
4360.0 7412.0 448.0 176.0 Cheep,
4864.0 7396.0 392.0 184.0 purk,
5332.0 7392.0 468.0 152.0 wheat,
5864.0 7420.0 364.0 120.0 corn,

3840.0 7668.0 236.0 132.0 rye
4188.0 7664.0 144.0 88.0 or
4400.0 7656.0 284.0 96.0 oats
4784.0 7648.0 132.0 88.0 at
5052.0 7596.0 336.0 132.0 their
5528.0 7580.0 292.0 140.0 cash
5888.0 7616.0 348.0 136.0 price

3844.0 7856.0 388.0 100.0 wnen
4340.0 7792.0 672.0 160.0 delivered
5116.0 7828.0 132.0 96.0 at
5388.0 7788.0 224.0 136.0 the
5708.0 7788.0 464.0 128.0 luhkri-

3844.0 8020.0 300.0 132.0 bers
4216.0 8012.0 448.0 152.0 house,
4804.0 7984.0 640.0 188.0 provided
5564.0 7984.0 284.0 128.0 thai
5972.0 8016.0 260.0 136.0 any

3828.0 8208.0 148.0 140.0 of
4084.0 8212.0 220.0 136.0 the
4440.0 8208.0 444.0 136.0 above
5004.0 8180.0 792.0 140.0 mentioned
5928.0 8172.0 240.0 136.0 arti-

3824.0 8408.0 276.0 140.0 cles
4216.0 8404.0 300.0 140.0 Hull
4652.0 8408.0 164.0 128.0 be
4920.0 8376.0 668.0 144.0 delivered
5720.0 8380.0 168.0 168.0 by
6020.0 8360.0 228.0 144.0 the

3832.0 8604.0 272.0 144.0 first
4220.0 8608.0 260.0 172.0 day
4636.0 8588.0 168.0 144.0 of
4932.0 8584.0 756.0 140.0 December
5872.0 8600.0 368.0 124.0 next,

3832.0 8800.0 696.0 144.0 otheiwife
4604.0 8784.0 572.0 168.0 nothing
5240.0 8776.0 248.0 136.0 but
5588.0 8768.0 308.0 140.0 cash
5956.0 8760.0 280.0 140.0 will

3836.0 9012.0 168.0 132.0 be
4152.0 8992.0 600.0 144.0 received
4892.0 8984.0 132.0 136.0 in
5212.0 9004.0 656.0 148.0 payment
5932.0 9068.0 36.0 56.0 ,
6088.0 9004.0 160.0 92.0 or

3828.0 9200.0 296.0 140.0 sour
4284.0 9188.0 484.0 140.0 dollars
4912.0 9180.0 132.0 136.0 in
5176.0 9168.0 308.0 140.0 caih
5620.0 9156.0 308.0 188.0 paid
6060.0 9152.0 184.0 184.0 by

3828.0 9400.0 224.0 136.0 the
4120.0 9384.0 272.0 148.0 first
4516.0 9388.0 264.0 172.0 day
4900.0 9364.0 164.0 148.0 of
5184.0 9328.0 520.0 216.0 Aug'ult
5808.0 9392.0 328.0 108.0 next
6204.0 9424.0 36.0 88.0 :

3824.0 9640.0 252.0 140.0 any
4236.0 9584.0 780.0 188.0 gentleman
5208.0 9596.0 552.0 144.0 putting
5928.0 9552.0 312.0 152.0 sour

3824.0 9836.0 440.0 100.0 mares
4412.0 9776.0 160.0 144.0 of
4724.0 9772.0 200.0 140.0 his
5056.0 9808.0 312.0 92.0 own
5544.0 9804.0 692.0 136.0 property,

3832.0 10036.0 300.0 136.0 may
4308.0 9984.0 344.0 140.0 have
4784.0 9968.0 388.0 140.0 them
5296.0 9956.0 568.0 136.0 covered
6000.0 9952.0 228.0 136.0 the

3832.0 10188.0 436.0 140.0 season
4480.0 10172.0 208.0 140.0 for
4900.0 10200.0 504.0 140.0 twenty
5644.0 10144.0 588.0 188.0 (hillings

3828.0 10388.0 368.0 160.0 each,
4328.0 10372.0 116.0 148.0 is
4564.0 10364.0 304.0 188.0 paid
4992.0 10360.0 132.0 136.0 in
5248.0 10352.0 296.0 140.0 cash
5672.0 10348.0 172.0 184.0 by
5996.0 10352.0 236.0 132.0 the

3828.0 10576.0 340.0 148.0 first.
4284.0 10580.0 272.0 140.0 day
4748.0 10556.0 160.0 136.0 of
5088.0 10544.0 536.0 184.0 August
5820.0 10584.0 316.0 96.0 next

3828.0 10776.0 360.0 188.0 good
4316.0 10760.0 700.0 188.0 pasturage
5100.0 10788.0 464.0 148.0 gratis,
5664.0 10740.0 232.0 140.0 but
5972.0 10732.0 252.0 140.0 will

3832.0 11016.0 240.0 100.0 not
4156.0 10972.0 172.0 132.0 be
4444.0 10956.0 820.0 140.0 anlwerable
5380.0 10932.0 204.0 148.0 for
5704.0 10936.0 524.0 176.0 escapes

3824.0 11224.0 144.0 88.0 or
4032.0 11164.0 712.0 148.0 accidents.
5012.0 11136.0 848.0 156.0 Doncarelefs
5952.0 11176.0 88.0 176.0 y.
6084.0 11172.0 144.0 92.0 as

3828.0 11412.0 232.0 140.0 got
4252.0 11368.0 172.0 168.0 by
4544.0 11348.0 224.0 140.0 old
4884.0 11328.0 756.0 156.0 DonCarele
5700.0 11380.0 108.0 116.0 s,
5972.0 11328.0 176.0 132.0 im-

3828.0 11564.0 464.0 184.0 ported
4412.0 11556.0 180.0 176.0 by
4780.0 11544.0 252.0 144.0 col.
5160.0 11532.0 520.0 176.0 Taylor
5864.0 11516.0 348.0 148.0 from

3828.0 11752.0 672.0 192.0 England,
4628.0 11740.0 196.0 144.0 his
4928.0 11744.0 320.0 136.0 dam
5364.0 11736.0 168.0 168.0 by
5660.0 11728.0 216.0 136.0 the
5992.0 11772.0 168.0 88.0 no-

3820.0 11976.0 224.0 128.0 ted
4160.0 11952.0 384.0 140.0 Tom
4660.0 11968.0 456.0 148.0 Jone,
5240.0 11936.0 208.0 136.0 his
5592.0 11920.0 628.0 184.0 pedigree

3816.0 12160.0 108.0 140.0 is
4052.0 12144.0 432.0 188.0 equall
4676.0 12176.0 132.0 96.0 to
4932.0 12176.0 268.0 136.0 any
5396.0 12124.0 536.0 132.0 Horic'b
6084.0 12164.0 128.0 92.0 in

3824.0 12364.0 224.0 132.0 the
4172.0 12336.0 588.0 168.0 Diftnft,
4924.0 12332.0 232.0 140.0 but
5344.0 12320.0 368.0 140.0 there
5876.0 12320.0 340.0 128.0 need

3824.0 12592.0 240.0 100.0 not
4196.0 12596.0 172.0 92.0 an
4444.0 12524.0 952.0 168.0 .enumeration
5468.0 12524.0 140.0 132.0 of
5728.0 12520.0 492.0 156.0 words,

3812.0 12800.0 144.0 88.0 as
4048.0 12752.0 224.0 136.0 the
4404.0 12732.0 368.0 144.0 horse
4828.0 12724.0 252.0 140.0 will
5196.0 12764.0 328.0 88.0 mew
5604.0 12712.0 196.0 144.0 for
5872.0 12708.0 352.0 136.0 hi-n-

3816.0 12944.0 272.0 144.0 self.

4784.0 13104.0 676.0 128.0 FRANCIS
5556.0 13096.0 484.0 140.0 KEEN,

5664.0 13292.0 280.0 108.0 2931

4040.0 13528.0 28.0 52.0 i
4244.0 13440.0 104.0 112.0 It
4436.0 13440.0 104.0 108.0 is
4604.0 13432.0 320.0 148.0 hoped
4996.0 13468.0 124.0 76.0 no
5172.0 13424.0 360.0 156.0 person
5580.0 13432.0 232.0 108.0 will
5876.0 13424.0 328.0 148.0 uring

3796.0 13656.0 64.0 76.0 a
3988.0 13612.0 100.0 116.0 rf'
4148.0 13600.0 368.0 120.0 ?'"
4832.0 13636.0 220.0 76.0 i;ir
5312.0 13604.0 132.0 128.0 6y
5556.0 13588.0 352.0 120.0 which
6008.0 13580.0 180.0 124.0 the

3800.0 13772.0 288.0 164.0 horse
4168.0 13808.0 192.0 76.0 can
4444.0 13768.0 412.0 112.0 receive
4940.0 13800.0 204.0 112.0 any
5244.0 13756.0 404.0 148.0 injury.

3876.0 14388.0 416.0 216.0 pHE
4380.0 14388.0 712.0 148.0 subscriber
5172.0 14392.0 328.0 172.0 begs
5604.0 14384.0 368.0 140.0 leave
6072.0 14428.0 140.0 96.0 to

3884.0 14540.0 52.0 120.0 "
4012.0 14680.0 32.0 28.0 -
4120.0 14588.0 496.0 144.0 inform
4692.0 14588.0 228.0 136.0 the
5024.0 14584.0 508.0 184.0 public,
5636.0 14584.0 260.0 136.0 that
6044.0 14580.0 220.0 144.0 he'

3784.0 14776.0 544.0 156.0 intends
4424.0 14828.0 640.0 140.0 carrying
5152.0 14832.0 172.0 100.0 on
5396.0 14784.0 224.0 136.0 the
5684.0 14780.0 532.0 188.0 hatting

3800.0 14976.0 572.0 148.0 buhnefs
4468.0 14984.0 128.0 140.0 in
4752.0 14976.0 692.0 184.0 hopewell,
5560.0 14976.0 644.0 148.0 Bourbon

3788.0 15216.0 556.0 160.0 county,
4448.0 15188.0 128.0 132.0 in
4652.0 15180.0 168.0 140.0 its
4900.0 15220.0 516.0 92.0 various
5532.0 15176.0 680.0 152.0 branches.

3788.0 15412.0 196.0 112.0 He
4040.0 15380.0 484.0 140.0 flatters
4572.0 15364.0 532.0 148.0 himself
5156.0 15368.0 280.0 140.0 that
5556.0 15368.0 344.0 144.0 from
6024.0 15372.0 196.0 148.0 his

3792.0 15580.0 324.0 172.0 long
4188.0 15576.0 780.0 172.0 experience
5068.0 15616.0 132.0 92.0 in
5316.0 15564.0 292.0 144.0 that
5676.0 15572.0 548.0 180.0 branc11,

3800.0 15772.0 252.0 132.0 will
4120.0 15768.0 472.0 144.0 enable
4664.0 15772.0 268.0 128.0 him
5012.0 15800.0 140.0 96.0 to
5256.0 15804.0 320.0 136.0 give
5688.0 15768.0 540.0 180.0 general

3800.0 15956.0 792.0 148.0 falisfadtion
4676.0 16004.0 140.0 96.0 to
4928.0 15956.0 164.0 136.0 all
5188.0 15968.0 296.0 128.0 who
5612.0 16000.0 220.0 96.0 are
5888.0 15968.0 332.0 136.0 kind

3800.0 16156.0 552.0 172.0 enough
4424.0 16204.0 132.0 96.0 to
4616.0 16156.0 484.0 140.0 savour
5176.0 16152.0 280.0 132.0 him
5516.0 16160.0 316.0 124.0 with
5892.0 16156.0 336.0 144.0 rheir

3808.0 16348.0 468.0 116.0 custom.
4732.0 16344.0 764.0 124.0 HORATIO
5588.0 16348.0 476.0 120.0 HALL.

4020.0 16676.0 368.0 140.0 Who
4456.0 16672.0 256.0 140.0 will
4824.0 16676.0 316.0 184.0 give
5196.0 16676.0 224.0 140.0 the
5476.0 16668.0 416.0 192.0 higeft
5968.0 16680.0 188.0 176.0 pri-

3824.0 16920.0 220.0 92.0 ces
4160.0 16868.0 204.0 144.0 fc-r
4504.0 16872.0 888.0 176.0 Otter-flans,
5492.0 16876.0 264.0 140.0 and
5804.0 16876.0 172.0 140.0 all
6084.0 16928.0 84.0 84.0 o-

3836.0 17076.0 288.0 136.0 ther
4240.0 17076.0 328.0 152.0 kind
4672.0 17064.0 168.0 144.0 of
4924.0 17068.0 328.0 144.0 furr.

3844.0 17736.0 504.0 264.0 THE
4436.0 17720.0 464.0 148.0 Officers
4956.0 17724.0 212.0 112.0 and
5296.0 17720.0 476.0 112.0 Soldiers
5832.0 17712.0 124.0 156.0 of
6044.0 17712.0 188.0 120.0 the.

4140.0 17892.0 392.0 156.0 f'cond
4596.0 17892.0 420.0 140.0 Fayette
5068.0 17888.0 564.0 144.0 Regiment
5696.0 17924.0 176.0 72.0 are
5940.0 17880.0 236.0 112.0 here-

3856.0 18060.0 128.0 140.0 by
4064.0 18048.0 436.0 152.0 notified
4568.0 18052.0 236.0 116.0 that
4880.0 18052.0 280.0 112.0 their
5232.0 18052.0 680.0 136.0 Regimental
5952.0 18044.0 216.0 108.0 Mu-

3832.0 18212.0 236.0 156.0 Jfer
4128.0 18224.0 96.0 104.0 is
4292.0 18244.0 104.0 88.0 to
4472.0 18212.0 236.0 116.0 hold
4784.0 18244.0 120.0 80.0 at
5024.0 18212.0 232.0 112.0 Mr.
5376.0 18208.0 348.0 112.0 Lewis
5788.0 18208.0 432.0 144.0 Craig's

3864.0 18380.0 280.0 116.0 Mill
4212.0 18420.0 120.0 72.0 on
4416.0 18372.0 488.0 152.0 Tuesday
4940.0 18376.0 176.0 112.0 the
5160.0 18408.0 52.0 108.0 3
5248.0 18364.0 148.0 152.0 iji
5432.0 18368.0 120.0 152.0 of
5596.0 18368.0 228.0 116.0 this
5860.0 18360.0 360.0 120.0 month

4024.0 18540.0 288.0 148.0 They
4376.0 18576.0 176.0 76.0 are
4592.0 18568.0 104.0 80.0 to
4780.0 18540.0 236.0 108.0 take
5136.0 18572.0 352.0 80.0 notice
5576.0 18532.0 244.0 112.0 that
5968.0 18528.0 252.0 140.0 they

3868.0 18696.0 276.0 140.0 must
4204.0 18732.0 380.0 116.0 appear
4644.0 18700.0 568.0 112.0 accoutred
5240.0 18732.0 120.0 76.0 as
5388.0 18696.0 172.0 112.0 the
5592.0 18700.0 212.0 104.0 law
5828.0 18692.0 400.0 112.0 directs

3876.0 18868.0 208.0 112.0 and
4160.0 18864.0 204.0 152.0 also
4492.0 18864.0 240.0 112.0 tint
4828.0 18860.0 172.0 112.0 the
5112.0 18860.0 328.0 112.0 Court
5552.0 18852.0 120.0 152.0 of
5740.0 18856.0 480.0 144.0 Enquiry

3904.0 19032.0 228.0 120.0 Will
4224.0 19048.0 256.0 96.0 meet
4536.0 19024.0 184.0 120.0 the
4760.0 19020.0 388.0 156.0 second
5200.0 19020.0 200.0 144.0 day
5472.0 19016.0 120.0 144.0 of
5616.0 19016.0 316.0 144.0 April
5964.0 19044.0 264.0 88.0 next

3900.0 19192.0 112.0 108.0 in
4080.0 19192.0 760.0 136.0 Lexingtonat
4904.0 19180.0 380.0 152.0 Mirfb
5312.0 19184.0 224.0 108.0 ill's
5580.0 19180.0 404.0 112.0 Tavern
6016.0 19176.0 216.0 116.0 tnd

3868.0 19348.0 156.0 152.0 sit
4084.0 19352.0 272.0 132.0 from
4428.0 19348.0 204.0 148.0 day
4676.0 19372.0 108.0 92.0 to
4832.0 19348.0 260.0 140.0 -rfay
5208.0 19348.0 288.0 108.0 until
5560.0 19340.0 180.0 112.0 the
5772.0 19336.0 452.0 160.0 business

3892.0 19552.0 100.0 72.0 is
4032.0 19504.0 504.0 156.0 finifbed.
4876.0 19512.0 896.0 140.0 R,Pjttkrson
5812.0 19508.0 256.0 124.0 Col,

3888.0 19676.0 448.0 152.0 Maich,
4436.0 19700.0 100.0 120.0 5,
4644.0 19632.0 380.0 192.0 1789T

6716.0 3936.0 516.0 120.0 DON
7408.0 3940.0 100.0 116.0 C
7588.0 3940.0 108.0 120.0 A
7780.0 3944.0 120.0 116.0 R
7976.0 3940.0 80.0 116.0 L
8056.0 4020.0 16.0 36.0 ,
8168.0 3940.0 108.0 112.0 O
8368.0 3936.0 76.0 124.0 S

6400.0 4444.0 636.0 144.0 TW"lLL
7120.0 4496.0 392.0 96.0 cover
7580.0 4452.0 268.0 144.0 this
8020.0 4448.0 488.0 176.0 season,
8656.0 4484.0 136.0 116.0 at

6924.0 4652.0 564.0 136.0 General
7632.0 4652.0 528.0 136.0 Charles
8316.0 4644.0 480.0 152.0 Sect's

6412.0 4864.0 140.0 96.0 at
6656.0 4828.0 340.0 184.0 forty
7108.0 4840.0 632.0 192.0 (hillings,
7808.0 4884.0 140.0 100.0 to
8028.0 4852.0 164.0 128.0 be
8268.0 4852.0 308.0 180.0 paid
8656.0 4852.0 132.0 140.0 in

6416.0 5028.0 228.0 140.0 the
6776.0 5028.0 696.0 200.0 following
7544.0 5044.0 516.0 136.0 articles
8112.0 5044.0 236.0 136.0 viz.
8424.0 5092.0 376.0 128.0 corn,

6428.0 5216.0 356.0 180.0 bees,
6920.0 5236.0 464.0 172.0 bacon,
7512.0 5284.0 388.0 88.0 cows
7964.0 5240.0 260.0 140.0 and
8312.0 5236.0 488.0 172.0 calves,

6428.0 5416.0 444.0 180.0 sheep,
6972.0 5428.0 384.0 180.0 hogs,
7540.0 5436.0 488.0 168.0 butter,
8164.0 5480.0 144.0 92.0 or
8472.0 5432.0 272.0 140.0 lard

6616.0 5648.0 292.0 112.0 Don
7032.0 5624.0 432.0 140.0 Carlos
7588.0 5624.0 108.0 140.0 is
7888.0 5676.0 72.0 88.0 a
8156.0 5624.0 652.0 152.0 beautiful

6432.0 5820.0 236.0 176.0 biy
6800.0 5816.0 460.0 144.0 filteen
7380.0 5824.0 436.0 136.0 hands
7880.0 5824.0 364.0 180.0 high,
8380.0 5824.0 164.0 140.0 of
8668.0 5868.0 144.0 96.0 as

6436.0 6016.0 352.0 208.0 good
6876.0 6064.0 352.0 124.0 parts
7336.0 6064.0 148.0 84.0 as
7552.0 6060.0 264.0 136.0 any
7940.0 6024.0 372.0 136.0 horse
8360.0 6024.0 132.0 140.0 in
8576.0 6024.0 228.0 140.0 the

6436.0 6240.0 108.0 112.0 U
6616.0 6212.0 476.0 136.0 nverfe.
7304.0 6212.0 224.0 140.0 He
7664.0 6264.0 272.0 88.0 was
7996.0 6244.0 232.0 156.0 got
8300.0 6220.0 168.0 180.0 by
8584.0 6232.0 224.0 148.0 Dr,

6436.0 6404.0 628.0 136.0 Hamilroi
7188.0 6460.0 52.0 80.0 s
7348.0 6408.0 660.0 184.0 imported
8148.0 6416.0 376.0 136.0 hone
8608.0 6412.0 124.0 140.0 Fi-

6432.0 6624.0 372.0 152.0 gure,
6908.0 6592.0 372.0 152.0 (who
7452.0 6652.0 316.0 100.0 won
7944.0 6608.0 304.0 144.0 sour
8404.0 6624.0 412.0 168.0 Kings

6436.0 6780.0 504.0 156.0 Plates)
6992.0 6844.0 232.0 96.0 out
7320.0 6800.0 160.0 140.0 of
7536.0 6804.0 216.0 140.0 the
7820.0 6800.0 556.0 144.0 famous
8440.0 6856.0 372.0 88.0 mare

6452.0 6988.0 688.0 148.0 Pumrofe.
7348.0 6996.0 648.0 144.0 Primrose
8188.0 7048.0 276.0 96.0 was
8580.0 7044.0 236.0 140.0 got

6452.0 7188.0 168.0 180.0 by
6752.0 7196.0 216.0 128.0 the
7116.0 7196.0 672.0 184.0 imported
7960.0 7224.0 432.0 148.0 Djve,
8580.0 7232.0 228.0 108.0 out

6444.0 7376.0 164.0 140.0 of
6660.0 7400.0 72.0 120.0 S
6804.0 7384.0 296.0 172.0 ella,
7216.0 7392.0 416.0 148.0 Stella
7804.0 7440.0 284.0 88.0 was
8244.0 7436.0 236.0 144.0 got
8628.0 7400.0 172.0 172.0 by

6452.0 7580.0 600.0 164.0 Othello,
7184.0 7632.0 244.0 96.0 out
7540.0 7584.0 160.0 144.0 of
7812.0 7588.0 540.0 176.0 Sehma,
8496.0 7592.0 72.0 120.0 S
6452.0 7596.0 2284.0 312.0 -lima

6772.0 7828.0 260.0 92.0 was
7164.0 7768.0 740.0 192.0 imported,
7944.0 7796.0 268.0 136.0 and
8324.0 7820.0 236.0 152.0 got
8624.0 7792.0 176.0 176.0 by

6448.0 7972.0 224.0 136.0 the
6788.0 7992.0 96.0 112.0 G
6988.0 7980.0 560.0 184.0 dolphin
7628.0 7980.0 504.0 152.0 Arabia
8384.0 7988.0 352.0 140.0 Prim-

6448.0 8184.0 324.0 152.0 role,
6904.0 8176.0 300.0 136.0 Djn
7372.0 8172.0 572.0 148.0 Carlos's
8048.0 8192.0 372.0 172.0 dam,
8500.0 8232.0 308.0 88.0 won

6460.0 8360.0 264.0 144.0 five
6864.0 8368.0 492.0 168.0 purses,
7480.0 8372.0 500.0 188.0 ag.unft
8180.0 8384.0 220.0 140.0 the
8536.0 8376.0 276.0 140.0 belt

6448.0 8564.0 268.0 160.0 nnd
6832.0 8564.0 340.0 140.0 mod
7240.0 8576.0 476.0 176.0 capital
7816.0 8572.0 656.0 148.0 horfeson
8596.0 8584.0 212.0 132.0 the

6452.0 8784.0 784.0 156.0 C)ntinent,
7396.0 8772.0 260.0 136.0 and
7832.0 8820.0 272.0 92.0 was
8232.0 8816.0 148.0 100.0 to
8476.0 8780.0 332.0 132.0 have

6452.0 8956.0 336.0 148.0 been
6920.0 8964.0 388.0 136.0 taken
7404.0 9004.0 140.0 96.0 to
7636.0 8964.0 616.0 180.0 England
8332.0 9016.0 144.0 96.0 to
8552.0 9020.0 252.0 88.0 run

6448.0 9148.0 208.0 140.0 for
6824.0 9152.0 224.0 140.0 the
7220.0 9156.0 508.0 188.0 King's
7856.0 9164.0 368.0 144.0 Plate
8340.0 9172.0 140.0 140.0 of
8548.0 9212.0 252.0 96.0 one

6444.0 9348.0 648.0 152.0 thousand
7224.0 9396.0 620.0 140.0 guineas,
8008.0 9368.0 324.0 184.0 only
8508.0 9412.0 228.0 132.0 pre-

6456.0 9552.0 484.0 136.0 vented
7124.0 9548.0 172.0 176.0 by
7508.0 9564.0 220.0 136.0 the
7868.0 9604.0 280.0 100.0 non
8332.0 9596.0 468.0 152.0 export

6444.0 9740.0 628.0 144.0 R-foIves
7188.0 9796.0 132.0 88.0 in
7428.0 9800.0 264.0 92.0 one
7828.0 9756.0 652.0 144.0 thousand
8588.0 9764.0 112.0 136.0 fe-

6452.0 9988.0 252.0 88.0 vjn
6828.0 9944.0 604.0 140.0 hundrel
7528.0 9956.0 264.0 136.0 and
7872.0 9952.0 532.0 184.0 seventy
8484.0 9956.0 308.0 144.0 five.

6440.0 10168.0 112.0 120.0 D
6656.0 10192.0 72.0 84.0 n
6840.0 10168.0 100.0 116.0 C
6980.0 10140.0 424.0 140.0 irlos's
7516.0 10144.0 340.0 144.0 colts
7916.0 10196.0 224.0 92.0 are
8268.0 10152.0 448.0 140.0 incom-

6448.0 10336.0 584.0 176.0 parable,
7144.0 10340.0 404.0 184.0 being
7680.0 10344.0 616.0 172.0 allowed,
8368.0 10352.0 184.0 180.0 by
8628.0 10348.0 168.0 140.0 all

6432.0 10528.0 488.0 180.0 judgts
7056.0 10524.0 272.0 140.0 thnt
7464.0 10540.0 364.0 128.0 have
7976.0 10548.0 296.0 128.0 fcen
8412.0 10548.0 372.0 128.0 them

6440.0 10772.0 144.0 132.0 to
6660.0 10720.0 372.0 144.0 excel
7160.0 10768.0 252.0 136.0 any
7488.0 10772.0 308.0 92.0 ever
7900.0 10728.0 288.0 144.0 seen
8248.0 10780.0 176.0 88.0 on
8540.0 10728.0 256.0 140.0 this

6440.0 10924.0 772.0 160.0 Continent.
7424.0 10920.0 312.0 140.0 The
7800.0 10924.0 444.0 136.0 above
8316.0 10924.0 252.0 140.0 will
8628.0 10932.0 160.0 128.0 be

6452.0 11116.0 504.0 200.0 proved
7080.0 11152.0 140.0 100.0 to
7324.0 11112.0 224.0 140.0 the
7724.0 11116.0 804.0 148.0 fatisfadYion
8640.0 11108.0 172.0 148.0 of

6428.0 11360.0 296.0 132.0 any
6868.0 11312.0 468.0 184.0 person
7440.0 11304.0 564.0 168.0 dtfiring
8072.0 11316.0 136.0 140.0 it.

7576.0 11532.0 488.0 124.0 Daniel

6432.0 11688.0 404.0 132.0 March
6964.0 11692.0 192.0 116.0 ift.
7264.0 11704.0 348.0 128.0 1789.

6576.0 12024.0 1168.0 120.0 'WOOLLARS
7800.0 11936.0 880.0 212.0 TOWARD."

6436.0 12344.0 152.0 144.0 C
6632.0 12336.0 552.0 184.0 Trayed
7292.0 12328.0 356.0 152.0 from
7728.0 12340.0 220.0 140.0 the
7988.0 12332.0 812.0 188.0 "plantation

6672.0 12536.0 156.0 140.0 of
6992.0 12532.0 768.0 168.0 Alexander
7952.0 12532.0 844.0 168.0 M'Connells

6424.0 12780.0 316.0 96.0 near
6804.0 12752.0 816.0 160.0 Lexington,
7692.0 12732.0 220.0 140.0 the
8012.0 12732.0 260.0 140.0 first
8316.0 12728.0 168.0 144.0 of
8524.0 12732.0 208.0 140.0 Oc-

6424.0 12936.0 376.0 144.0 tober
6864.0 12936.0 280.0 168.0 last,
7276.0 12980.0 76.0 84.0 a
7464.0 12932.0 336.0 136.0 dark
7952.0 12976.0 312.0 96.0 roan
8372.0 12928.0 420.0 172.0 horse,

6416.0 13136.0 424.0 140.0 about
6956.0 13128.0 620.0 144.0 fourteen
7680.0 13132.0 424.0 136.0 hands
8164.0 13124.0 372.0 184.0 high,
8668.0 13176.0 68.0 84.0 e-

6420.0 13328.0 380.0 140.0 leven
6872.0 13372.0 372.0 136.0 years
7312.0 13324.0 276.0 172.0 old,
7660.0 13360.0 336.0 104.0 trots
8056.0 13320.0 408.0 180.0 some,
8552.0 13328.0 244.0 136.0 but

6424.0 13572.0 392.0 136.0 paces
6884.0 13524.0 708.0 180.0 naturally,
7660.0 13520.0 588.0 140.0 branded
8340.0 13520.0 312.0 136.0 with
8728.0 13572.0 72.0 88.0 a

6416.0 13724.0 840.0 180.0 stirrup-iron
7388.0 13772.0 180.0 88.0 on
7704.0 13716.0 320.0 140.0 each
8140.0 13720.0 652.0 144.0 shoulder,

6420.0 13920.0 248.0 140.0 had
6752.0 13968.0 176.0 92.0 on
6996.0 13912.0 456.0 144.0 afmall
7528.0 13920.0 252.0 140.0 bell
7828.0 13956.0 36.0 96.0 :
7936.0 13920.0 316.0 176.0 Any
8328.0 13912.0 468.0 180.0 person

6428.0 14120.0 288.0 140.0 that
6816.0 14112.0 260.0 144.0 will
7152.0 14112.0 508.0 140.0 deliver
7748.0 14116.0 224.0 140.0 the
8080.0 14112.0 252.0 140.0 said
8448.0 14112.0 360.0 136.0 horse

6420.0 14360.0 140.0 100.0 to
6636.0 14308.0 760.0 148.0 Alexander
7488.0 14308.0 816.0 160.0 M'Connell,
8416.0 14352.0 152.0 92.0 or
8668.0 14336.0 136.0 108.0 to

6432.0 14516.0 496.0 144.0 Robert
7000.0 14504.0 704.0 156.0 Edmifton
7808.0 14552.0 308.0 100.0 near
8188.0 14504.0 624.0 136.0 Bourbon

6420.0 14700.0 900.0 172.0 court-house,
7492.0 14704.0 288.0 144.0 hall
7940.0 14704.0 500.0 140.0 recieve
8592.0 14704.0 224.0 136.0 the

6420.0 14908.0 436.0 136.0 above
6920.0 14900.0 560.0 140.0 reward.

7256.0 15088.0 548.0 128.0 ALLEN
7892.0 15084.0 764.0 120.0 KILLOGH.

6572.0 15252.0 440.0 140.0 March,
7108.0 15256.0 200.0 140.0 gth
7408.0 15268.0 332.0 132.0 1789.

6424.0 15788.0 184.0 116.0 An
6684.0 15780.0 328.0 124.0 ACT
7080.0 15768.0 660.0 160.0 prescribing
7800.0 15768.0 184.0 116.0 ths
8040.0 15764.0 280.0 116.0 mode
8388.0 15760.0 124.0 152.0 of
8576.0 15764.0 184.0 116.0 Ad-

6588.0 15936.0 516.0 156.0 vcrtijing
7164.0 15936.0 808.0 120.0 ESTRAYSo
8100.0 15932.0 176.0 116.0 the
8336.0 15920.0 480.0 160.0 IFeJiem

6596.0 16108.0 468.0 112.0 Waters.

6500.0 16268.0 380.0 160.0 Pajfed
6940.0 16268.0 176.0 112.0 the
7172.0 16260.0 200.0 124.0 6th
7424.0 16256.0 128.0 160.0 of
7632.0 16268.0 688.0 128.0 December,
8424.0 16264.0 284.0 136.0 1788

6440.0 16600.0 540.0 116.0 Section
7032.0 16592.0 96.0 112.0 I.
7236.0 16580.0 336.0 120.0 T2
7664.0 16584.0 96.0 116.0 it
7880.0 16568.0 460.0 140.0 enaded,
8440.0 16580.0 128.0 140.0 by
8652.0 16572.0 184.0 116.0 the

7236.0 16704.0 220.0 152.0 -O
7620.0 16748.0 460.0 116.0 General
8252.0 16736.0 580.0 156.0 AJfembiy,

6448.0 16924.0 320.0 124.0 That
6824.0 16916.0 320.0 116.0 'from
7248.0 16904.0 208.0 120.0 and
7532.0 16908.0 288.0 116.0 aster
7892.0 16908.0 204.0 112.0 the
8160.0 16904.0 220.0 112.0 f.rft
8440.0 16896.0 208.0 152.0 day
8712.0 16900.0 140.0 120.0 of

6436.0 17092.0 536.0 132.0 February
7016.0 17096.0 304.0 104.0 next.
7392.0 17072.0 444.0 148.0 Eflrays
7880.0 17072.0 324.0 112.0 taken
8252.0 17096.0 144.0 120.0 up
8452.0 17068.0 108.0 112.0 in
8640.0 17064.0 200.0 116.0 the

6444.0 17244.0 448.0 128.0 D'ftrift
6988.0 17236.0 136.0 116.0 of
7184.0 17228.0 600.0 140.0 Kentucky,
7832.0 17232.0 260.0 112.0 fJiall
8152.0 17232.0 144.0 108.0 be
8340.0 17220.0 496.0 124.0 advert!,

6448.0 17412.0 180.0 124.0 fed
6672.0 17416.0 104.0 108.0 in
6816.0 17412.0 196.0 108.0 the
7048.0 17396.0 564.0 144.0 Kentucky
7648.0 17404.0 480.0 108.0 Gazette
8168.0 17428.0 108.0 76.0 in
8316.0 17392.0 196.0 112.0 the
8556.0 17388.0 288.0 116.0 same

6440.0 17604.0 452.0 92.0 manner
6960.0 17600.0 112.0 80.0 as
7168.0 17560.0 388.0 144.0 Eftays
7648.0 17596.0 192.0 80.0 are
7932.0 17548.0 488.0 120.0 direftcd
8488.0 17580.0 120.0 88.0 to
8704.0 17556.0 144.0 112.0 be

6444.0 17724.0 624.0 136.0 advertised
7180.0 17728.0 108.0 108.0 in
7364.0 17724.0 200.0 116.0 the
7676.0 17716.0 520.0 152.0 Virginia
8304.0 17724.0 536.0 108.0 Gazette.

6588.0 17904.0 344.0 116.0 Sect.
7016.0 17896.0 152.0 112.0 II.
7228.0 17884.0 844.0 120.0 PROVIDED
8116.0 17876.0 720.0 144.0 ALWAYS,

6436.0 18064.0 208.0 116.0 and
6764.0 18068.0 116.0 108.0 be
6992.0 18056.0 92.0 112.0 it
7168.0 18044.0 476.0 160.0 further
7720.0 18036.0 460.0 140.0 enatled,
8320.0 18048.0 304.0 112.0 That
8752.0 18044.0 100.0 116.0 is

6432.0 18264.0 320.0 84.0 more
6844.0 18224.0 268.0 112.0 than
7196.0 18248.0 224.0 80.0 one
7536.0 18212.0 384.0 144.0 Ellray
8036.0 18200.0 280.0 120.0 shall
8400.0 18208.0 144.0 112.0 be
8628.0 18200.0 144.0 120.0 de-

6444.0 18380.0 408.0 132.0 fcribed
6900.0 18420.0 104.0 76.0 in
7040.0 18412.0 132.0 80.0 an
7212.0 18372.0 340.0 120.0 advef
7568.0 18376.0 544.0 136.0 tifement,
8152.0 18368.0 204.0 120.0 the
8432.0 18368.0 392.0 116.0 Clerks

6436.0 18556.0 140.0 112.0 of
6656.0 18556.0 204.0 108.0 the
6980.0 18548.0 456.0 140.0 County
7576.0 18540.0 412.0 112.0 Courts
8088.0 18544.0 112.0 108.0 in
8288.0 18532.0 196.0 116.0 the
8604.0 18528.0 216.0 120.0 said

6432.0 18720.0 500.0 128.0 Diftncr,
7052.0 18700.0 212.0 120.0 and
7440.0 18704.0 200.0 116.0 the
7776.0 18704.0 424.0 148.0 printer
8328.0 18692.0 492.0 140.0 thereof,

6440.0 18876.0 264.0 116.0 (hall
6760.0 18896.0 200.0 92.0 not
7020.0 18860.0 472.0 124.0 demand
7556.0 18900.0 312.0 80.0 more
7928.0 18864.0 264.0 120.0 than
8284.0 18892.0 228.0 80.0 one
8580.0 18856.0 200.0 116.0 Hul-

6440.0 19044.0 228.0 144.0 ling
6724.0 19040.0 180.0 112.0 for
6968.0 19064.0 344.0 116.0 every
7384.0 19028.0 260.0 116.0 Rich
7700.0 19024.0 612.0 120.0 additional
8388.0 19024.0 432.0 148.0 Eilray.

6604.0 19208.0 348.0 112.0 Sect.
7040.0 19200.0 220.0 112.0 Ill-
7320.0 19196.0 360.0 128.0 ALL,
7740.0 19180.0 748.0 160.0 perfonsfliall
8524.0 19188.0 308.0 112.0 have

6440.0 19368.0 352.0 116.0 access
6888.0 19388.0 120.0 84.0 to
7124.0 19356.0 200.0 116.0 the
7436.0 19356.0 792.0 144.0 Eftray-book,
8332.0 19348.0 512.0 116.0 without

6440.0 19532.0 408.0 152.0 paying
6904.0 19556.0 212.0 112.0 any
7196.0 19520.0 188.0 116.0 see
7440.0 19516.0 516.0 116.0 therefor
8004.0 19556.0 32.0 96.0 ;
8132.0 19548.0 216.0 116.0 any
8428.0 19512.0 220.0 124.0 law
8704.0 19536.0 128.0 96.0 to

6444.0 19696.0 204.0 144.0 the
6716.0 19712.0 520.0 124.0 contrary
7296.0 19672.0 1036.0 184.0 notwithftaading.

8988.0 4068.0 192.0 124.0 An
9252.0 4076.0 324.0 124.0 ACT
9668.0 4076.0 640.0 148.0 concerning
10376.0 4068.0 180.0 120.0 the
10628.0 4060.0 832.0 124.0 IMPORTA.

9156.0 4244.0 420.0 112.0 TION
9668.0 4236.0 124.0 156.0 of
9876.0 4204.0 688.0 168.0 SLAVES,'
10624.0 4232.0 228.0 112.0 into
10948.0 4228.0 176.0 120.0 the
11220.0 4220.0 228.0 124.0 DU

9128.0 4396.0 340.0 156.0 flriSr
9580.0 4400.0 128.0 156.0 of
9796.0 4408.0 636.0 148.0 Kentucky.

9236.0 4708.0 596.0 164.0 Paffedthe
9872.0 4712.0 1120.0 140.0 29f7;eDECEMBER
11052.0 4708.0 340.0 136.0 1-788.

9008.0 4936.0 448.0 124.0 Sect.I
9544.0 4944.0 968.0 120.0 WHEREAS
10600.0 4972.0 328.0 116.0 many
11012.0 4944.0 464.0 140.0 persons

9712.0 5132.0 52.0 72.0 t
9912.0 5108.0 272.0 116.0 who
10220.0 5112.0 300.0 112.0 have
10572.0 5096.0 540.0 128.0 removed
11172.0 5108.0 28.0 104.0 f
11224.0 5128.0 248.0 84.0 rem

9016.0 5264.0 304.0 124.0 some
9348.0 5268.0 340.0 116.0 other
9736.0 5296.0 292.0 112.0 pirts
10120.0 5272.0 148.0 108.0 of
10288.0 5276.0 204.0 104.0 the
10532.0 5260.0 432.0 124.0 United
11040.0 5264.0 432.0 120.0 States,

9012.0 5436.0 252.0 116.0 into
9360.0 5432.0 200.0 120.0 the
9672.0 5424.0 404.0 124.0 diftrift
10168.0 5420.0 152.0 128.0 of
10456.0 5428.0 612.0 144.0 Kentucky,
11248.0 5408.0 224.0 124.0 and

9020.0 5596.0 296.0 116.0 have
9388.0 5604.0 456.0 108.0 become
9900.0 5616.0 464.0 92.0 citizen'
10404.0 5592.0 148.0 116.0 of
10572.0 5592.0 224.0 112.0 this
10852.0 5592.0 556.0 112.0 Common-

9016.0 5756.0 472.0 132.0 wealth,
9564.0 5760.0 296.0 112.0 have
9964.0 5752.0 348.0 120.0 sailed
10412.0 5756.0 408.0 124.0 within
10920.0 5740.0 548.0 152.0 tfen'da'ys

9024.0 5920.0 284.0 116.0 aster
9380.0 5920.0 292.0 116.0 their
9768.0 5916.0 504.0 120.0 removal
10368.0 5920.0 236.0 116.0 into
10676.0 5916.0 196.0 112.0 the
10932.0 5912.0 324.0 132.0 same,
11336.0 5936.0 124.0 84.0 to

9028.0 6092.0 256.0 108.0 take
9348.0 6084.0 204.0 112.0 'he
9616.0 6084.0 316.0 132.0 oath,
9980.0 6116.0 128.0 76.0 or
10176.0 6080.0 376.0 136.0 oaihs,
10632.0 6060.0 832.0 164.0 prefenbedby

9028.0 6268.0 240.0 96.0 two
9356.0 6248.0 260.0 112.0 Afts
9680.0 6244.0 136.0 112.0 of
9872.0 6240.0 620.0 148.0 AHelnbly,
10584.0 6244.0 196.0 112.0 the
10844.0 6272.0 260.0 96.0 one,
11204.0 6232.0 204.0 116.0 inti-

9028.0 6408.0 308.0 116.0 tuled
9420.0 6416.0 92.0 60.0 "
9560.0 6408.0 184.0 112.0 An
9836.0 6408.0 160.0 112.0 aU
10044.0 6400.0 200.0 156.0 for
10308.0 6404.0 648.0 144.0 preventing
11000.0 6396.0 180.0 116.0 the
11196.0 6392.0 216.0 156.0 far-

9032.0 6576.0 240.0 116.0 ther
9340.0 6572.0 676.0 116.0 imtcitation
10084.0 6564.0 652.0 148.0 oflaves,"
10800.0 6564.0 196.0 116.0 the
11068.0 6564.0 396.0 132.0 other,

9024.0 6728.0 520.0 128.0 intituled
9624.0 6748.0 76.0 48.0 "
9800.0 6732.0 188.0 116.0 An
10068.0 6732.0 156.0 108.0 oJ
10292.0 6728.0 644.0 148.0 concerning
10972.0 6716.0 488.0 156.0 Jlavef,"

9024.0 6928.0 120.0 88.0 to
9260.0 6904.0 140.0 108.0 be
9492.0 6904.0 324.0 108.0 taken
9952.0 6928.0 148.0 80.0 on
10200.0 6892.0 200.0 116.0 the
10512.0 6916.0 728.0 124.0 importation
11336.0 6876.0 140.0 124.0 of

9016.0 7076.0 200.0 116.0 the
9280.0 7068.0 320.0 132.0 same,
9700.0 7060.0 548.0 144.0 although
10340.0 7056.0 272.0 148.0 they
10708.0 7052.0 360.0 148.0 might
11180.0 7052.0 284.0 112.0 with

9004.0 7260.0 312.0 120.0 greit
9384.0 7232.0 308.0 104.0 tni'h
9800.0 7228.0 292.0 104.0 have
10172.0 7224.0 332.0 108.0 taken
10628.0 7220.0 264.0 112.0 such
11060.0 7216.0 384.0 120.0 oaths:

9020.0 7392.0 344.0 120.0 AND
9460.0 7384.0 788.0 128.0 WHEREAS
10340.0 7376.0 268.0 120.0 such
10700.0 7376.0 404.0 120.0 failure
11164.0 7380.0 292.0 116.0 hath

9016.0 7556.0 292.0 116.0 been
9412.0 7548.0 412.0 152.0 chiefly
9936.0 7548.0 92.0 116.0 is
10120.0 7572.0 204.0 88.0 not
10424.0 7540.0 680.0 156.0 altogether,
11216.0 7572.0 188.0 80.0 ow-

9020.0 7724.0 184.0 140.0 ing
9276.0 7744.0 120.0 88.0 to
9464.0 7720.0 196.0 108.0 the
9736.0 7708.0 956.0 152.0 impracticability
10764.0 7704.0 136.0 108.0 of
10944.0 7708.0 452.0 152.0 comply-

9024.0 7884.0 180.0 136.0 ing
9276.0 7880.0 276.0 112.0 with
9676.0 7884.0 200.0 108.0 the
9980.0 7868.0 212.0 120.0 said
10280.0 7868.0 268.0 120.0 as-:
10604.0 7868.0 192.0 120.0 BE
10864.0 7892.0 88.0 88.0 it
11020.0 7852.0 440.0 148.0 emct?d

9024.0 8048.0 128.0 144.0 by
9248.0 8044.0 180.0 116.0 the
9560.0 8040.0 460.0 116.0 General
10148.0 8028.0 564.0 160.0 AJfembiy,
10816.0 8036.0 236.0 108.0 thjc
11184.0 8028.0 260.0 124.0 such

9020.0 8220.0 456.0 136.0 perlons
9568.0 8240.0 112.0 80.0 as
9800.0 8208.0 296.0 112.0 have
10168.0 8204.0 96.0 104.0 al
10332.0 8200.0 280.0 144.0 eady
10664.0 8232.0 584.0 104.0 icmove'i,
11316.0 8224.0 144.0 84.0 or

9024.0 8372.0 264.0 116.0 shall
9400.0 8404.0 464.0 84.0 remove
9960.0 8360.0 408.0 120.0 before
10476.0 8364.0 196.0 112.0 the
10808.0 8360.0 420.0 140.0 palling
11316.0 8356.0 144.0 116.0 of

9020.0 8540.0 120.0 112.0 th
9200.0 8576.0 52.0 76.0 s
9348.0 8536.0 252.0 136.0 Aft,
9684.0 8536.0 288.0 112.0 fiom
10116.0 8560.0 212.0 108.0 any
10420.0 8552.0 240.0 120.0 part
10776.0 8532.0 116.0 108.0 of
11000.0 8524.0 192.0 112.0 the
11288.0 8524.0 100.0 116.0 U-

9020.0 8696.0 312.0 120.0 nued
9412.0 8700.0 420.0 132.0 States,
9900.0 8720.0 236.0 100.0 into
10200.0 8688.0 204.0 128.0 the
10476.0 8688.0 104.0 132.0 D
10632.0 8688.0 280.0 124.0 fHft
10980.0 8696.0 108.0 100.0 of
11160.0 8680.0 240.0 124.0 Ken-

9020.0 8864.0 356.0 148.0 tucky,
9464.0 8896.0 252.0 112.0 may
9804.0 8864.0 252.0 108.0 take
10120.0 8852.0 196.0 116.0 the
10408.0 8848.0 620.0 128.0 ciths.afo
11100.0 8844.0 344.0 144.0 euid,

9016.0 9064.0 152.0 80.0 on
9224.0 9068.0 132.0 76.0 or
9428.0 9020.0 400.0 120.0 before
9904.0 9024.0 196.0 112.0 the
10172.0 9020.0 216.0 112.0 first
10440.0 9012.0 208.0 152.0 day
10716.0 9012.0 136.0 116.0 of
10924.0 9012.0 328.0 152.0 May,
11336.0 9052.0 112.0 80.0 in

9016.0 9192.0 200.0 116.0 the
9316.0 9224.0 264.0 116.0 year
9648.0 9188.0 140.0 116.0 of
9844.0 9220.0 204.0 76.0 our
10124.0 9172.0 344.0 144.0 Lord,
10576.0 9156.0 228.0 140.0 on6
10848.0 9168.0 604.0 128.0 'thousand

9020.0 9356.0 328.0 116.0 seven
9432.0 9348.0 520.0 116.0 hundied
10028.0 9340.0 208.0 120.0 and
10332.0 9312.0 440.0 176.0 eighty'
10808.0 9380.0 296.0 92.0 nine,
11224.0 9340.0 224.0 116.0 and

9016.0 9516.0 200.0 120.0 the
9296.0 9516.0 368.0 144.0 taking
9728.0 9508.0 480.0 120.0 thereof
10256.0 9504.0 260.0 116.0 shall
10600.0 9512.0 144.0 108.0 be
10812.0 9540.0 116.0 76.0 as
10984.0 9496.0 416.0 124.0 effeclu-

9008.0 9684.0 100.0 112.0 al
9212.0 9704.0 120.0 92.0 to
9428.0 9672.0 372.0 116.0 award
9888.0 9676.0 196.0 112.0 the
10168.0 9700.0 612.0 116.0 pecuniary
10888.0 9668.0 556.0 144.0 penalties

9004.0 9844.0 140.0 116.0 of
9196.0 9848.0 200.0 112.0 the
9480.0 9836.0 220.0 120.0 said
9804.0 9840.0 252.0 128.0 acts,
10184.0 9868.0 116.0 76.0 as
10416.0 9832.0 100.0 116.0 is
10592.0 9856.0 84.0 88.0 it
10792.0 9828.0 224.0 116.0 had
11148.0 9832.0 300.0 116.0 been

9008.0 10008.0 408.0 116.0 within
9472.0 10032.0 192.0 88.0 ten
9752.0 10000.0 272.0 152.0 days
10096.0 9996.0 280.0 120.0 aster
10488.0 10000.0 192.0 112.0 the
10748.0 9992.0 512.0 120.0 removal
11324.0 9976.0 144.0 132.0 6f

9012.0 10172.0 268.0 124.0 such
9368.0 10168.0 444.0 148.0 person.

9172.0 10340.0 356.0 112.0 Sect.
9620.0 10336.0 144.0 112.0 II.
9868.0 10324.0 316.0 120.0 ALL
10244.0 10320.0 456.0 148.0 persons
10796.0 10320.0 280.0 116.0 who
11172.0 10308.0 280.0 120.0 shall

8920.0 10520.0 732.0 80.0 -rcmovirw
9704.0 10480.0 468.0 116.0 tlie-ft'd
10272.0 10488.0 484.0 128.0 DtllricV,
10864.0 10488.0 292.0 112.0 fiom
11228.0 10516.0 228.0 124.0 any

9008.0 10672.0 248.0 128.0 part
9336.0 10644.0 136.0 116.0 of
9536.0 10644.0 204.0 156.0 th,e
9848.0 10632.0 420.0 124.0 United
10356.0 10640.0 428.0 144.0 States,
10856.0 10648.0 292.0 116.0 aster
11244.0 10656.0 208.0 120.0 the

9004.0 10808.0 416.0 156.0 palling
9484.0 10800.0 140.0 120.0 of
9704.0 10808.0 224.0 120.0 this
10016.0 10804.0 200.0 128.0 aft,
10264.0 10832.0 252.0 116.0 may
10592.0 10812.0 256.0 108.0 talc
10920.0 10812.0 196.0 116.0 the
11164.0 10824.0 284.0 112.0 oath

9008.0 10964.0 552.0 124.0 aforcfad
9624.0 10972.0 404.0 112.0 within
10104.0 10956.0 616.0 156.0 fixtydays
10788.0 10976.0 268.0 116.0 aftei
11164.0 10980.0 272.0 120.0 such

9004.0 11136.0 576.0 136.0 removal;
9708.0 11148.0 136.0 104.0 art
10052.0 11128.0 212.0 112.0 law
10380.0 11152.0 120.0 88.0 to
10600.0 11132.0 200.0 116.0 the
10912.0 11168.0 540.0 132.0 contrary

9000.0 11288.0 1040.0 152.0 notwthftandmg.
10188.0 11288.0 880.0 128.0 jPROVfDLD
11172.0 11312.0 224.0 116.0 NE-

8996.0 11456.0 1120.0 136.0 VERTHELESS,
10172.0 11412.0 312.0 164.0 'Jit
10572.0 11456.0 216.0 116.0 this
10896.0 11468.0 164.0 112.0 aft
11180.0 11468.0 276.0 124.0 shall

9004.0 11648.0 204.0 96.0 not
9276.0 11644.0 136.0 96.0 be
9508.0 11616.0 596.0 124.0 construed
10196.0 11628.0 116.0 96.0 to
10404.0 11612.0 336.0 124.0 afFeel
10884.0 11632.0 192.0 116.0 the
11148.0 11644.0 312.0 136.0 nght

9004.0 11796.0 120.0 108.0 of
9216.0 11824.0 212.0 112.0 any
9492.0 11784.0 292.0 116.0 flav"
9852.0 11820.0 128.0 76.0 or
10048.0 11780.0 392.0 128.0 slaves,
10516.0 11816.0 128.0 80.0 or
10704.0 11788.0 132.0 116.0 of
10916.0 11828.0 208.0 88.0 anv
11208.0 11828.0 184.0 100.0 ,et-

9008.0 11956.0 200.0 116.0 I'iji
9272.0 11984.0 132.0 80.0 or
9520.0 11952.0 500.0 144.0 peifons,
10124.0 11940.0 436.0 120.0 mtttled
10668.0 11980.0 120.0 84.0 to
10896.0 11956.0 552.0 132.0 sreedom:

9048.0 12124.0 212.0 108.0 But
9336.0 12148.0 112.0 80.0 as
9552.0 12144.0 120.0 80.0 to
9768.0 12116.0 132.0 108.0 all
9984.0 12116.0 204.0 112.0 Per
10248.0 12136.0 144.0 76.0 on
10516.0 12116.0 272.0 104.0 who
10856.0 12152.0 240.0 92.0 m.iv
11184.0 12136.0 260.0 112.0 take

9016.0 12284.0 208.0 112.0 the
9332.0 12268.0 224.0 124.0 said
9692.0 12276.0 372.0 132.0 oaths,
10184.0 12316.0 148.0 84.0 on
10472.0 12308.0 124.0 72.0 or
10736.0 12284.0 268.0 112.0 befo
11068.0 12324.0 68.0 80.0 e
11248.0 12296.0 204.0 116.0 the

9012.0 12436.0 220.0 128.0 said
9320.0 12440.0 220.0 116.0 first
9644.0 12436.0 212.0 152.0 day
9960.0 12436.0 140.0 116.0 of
10176.0 12444.0 320.0 152.0 Ma),
10592.0 12440.0 192.0 120.0 the
10844.0 12480.0 112.0 108.0 oj
11004.0 12484.0 180.0 76.0 era
11260.0 12496.0 188.0 80.0 irn

9008.0 12608.0 136.0 112.0 of
9232.0 12604.0 200.0 116.0 the
9496.0 12600.0 208.0 120.0 fa'd
9852.0 12608.0 240.0 136.0 ih,
10192.0 12636.0 112.0 92.0 as
10396.0 12620.0 164.0 108.0 far
10660.0 12640.0 112.0 80.0 as
10892.0 12616.0 248.0 120.0 tbev
11296.0 12656.0 112.0 84.0 ie

9012.0 12772.0 228.0 112.0 late
9352.0 12796.0 120.0 80.0 to
9536.0 12768.0 204.0 116.0 the
9836.0 12768.0 512.0 124.0 freedom
10444.0 12796.0 116.0 88.0 ot
10636.0 12804.0 200.0 112.0 any
10872.0 12748.0 340.0 144.0 'il.ve
11276.0 12808.0 120.0 92.0 re-

9008.0 12924.0 468.0 144.0 moved,
9544.0 12964.0 132.0 80.0 or
9772.0 12932.0 376.0 120.0 which
10248.0 12936.0 400.0 120.0 before
10736.0 12944.0 196.0 108.0 the
11036.0 12980.0 56.0 104.0 p
11176.0 12944.0 272.0 164.0 ffing

9008.0 13100.0 140.0 112.0 of
9244.0 13096.0 268.0 140.0 this,
9584.0 13096.0 164.0 112.0 aft
9828.0 13112.0 336.0 132.0 nrtiny
10280.0 13104.0 140.0 116.0 be
10548.0 13132.0 456.0 84.0 remote
11040.0 13104.0 36.0 104.0 f
11200.0 13140.0 248.0 80.0 into

9008.0 13260.0 208.0 112.0 the
9288.0 13256.0 432.0 120.0 Diftricl
9800.0 13256.0 136.0 120.0 of
9984.0 13264.0 600.0 148.0 Kentucky,
10664.0 13260.0 208.0 112.0 finl
10992.0 13272.0 136.0 112.0 be
11228.0 13268.0 220.0 116.0 and

9008.0 13428.0 88.0 108.0 h
9172.0 13420.0 472.0 148.0 hereby,
9716.0 13416.0 616.0 156.0 suspended
10388.0 13428.0 172.0 112.0 for
10628.0 13428.0 332.0 116.0 three
11044.0 13468.0 400.0 108.0 years;

9004.0 13576.0 264.0 132.0 And
9372.0 13616.0 152.0 80.0 no
9628.0 13584.0 248.0 140.0 suit,
9968.0 13624.0 128.0 80.0 or
10164.0 13588.0 308.0 136.0 suns,
10588.0 13588.0 260.0 112.0 shall
10952.0 13592.0 140.0 116.0 be
11160.0 13600.0 244.0 112.0 indi-

9012.0 13740.0 320.0 128.0 cated
9428.0 13780.0 132.0 80.0 or
9632.0 13744.0 644.0 152.0 proceeded
10344.0 13792.0 152.0 76.0 on
10604.0 13788.0 108.0 80.0 in
10796.0 13788.0 212.0 112.0 any
11084.0 13764.0 376.0 112.0 Court

9000.0 13912.0 144.0 132.0 of
9168.0 13912.0 220.0 116.0 this
9460.0 13912.0 984.0 120.0 Commonwealth
10516.0 13912.0 176.0 116.0 for
10756.0 13916.0 200.0 144.0 t,he
10996.0 13956.0 404.0 84.0 recove-

9008.0 14112.0 136.0 120.0 ry
9180.0 14072.0 136.0 120.0 of
9360.0 14076.0 200.0 116.0 the
9628.0 14068.0 508.0 128.0 freedom
10180.0 14080.0 136.0 112.0 of
10336.0 14112.0 208.0 112.0 any
10596.0 14068.0 256.0 124.0 such
10916.0 14080.0 292.0 120.0 fiave
11272.0 14088.0 140.0 116.0 be-

9000.0 14244.0 264.0 128.0 fore
9308.0 14240.0 200.0 120.0 the
9540.0 14240.0 624.0 148.0 expiration
10204.0 14240.0 136.0 116.0 of
10436.0 14244.0 200.0 116.0 the
10700.0 14232.0 212.0 124.0 faicl
10980.0 14268.0 276.0 92.0 term
11332.0 14248.0 144.0 120.0 of

9016.0 14416.0 332.0 116.0 three
9408.0 14436.0 360.0 120.0 years.
9944.0 14404.0 852.0 120.0 PROVIDED
10896.0 14412.0 508.0 124.0 HOWE-

9012.0 14576.0 376.0 128.0 VER,
9460.0 14568.0 252.0 116.0 that
9796.0 14568.0 200.0 116.0 the
10096.0 14572.0 652.0 148.0 suspension
10836.0 14572.0 612.0 144.0 aforesaid,

9020.0 14736.0 268.0 120.0 shall
9376.0 14756.0 204.0 92.0 not
9640.0 14728.0 148.0 112.0 be
9852.0 14728.0 588.0 124.0 construed
10544.0 14756.0 120.0 96.0 to
10764.0 14732.0 692.0 144.0 extendno,

9016.0 14940.0 136.0 80.0 or
9240.0 14892.0 372.0 140.0 affect,
9724.0 14892.0 204.0 120.0 the
10032.0 14900.0 244.0 116.0 case
10348.0 14896.0 160.0 136.0 pf
10592.0 14932.0 244.0 112.0 any,
10924.0 14896.0 300.0 120.0 slave
11320.0 14936.0 140.0 84.0 or

9020.0 15068.0 392.0 128.0 slaves,
9484.0 15092.0 128.0 80.0 or
9684.0 15056.0 144.0 112.0 of
9916.0 15092.0 208.0 116.0 any
10236.0 15052.0 396.0 156.0 person
10692.0 15084.0 144.0 124.0 ,t?r
10948.0 15064.0 504.0 148.0 persons,

9020.0 15216.0 444.0 132.0 Intitled
9544.0 15248.0 124.0 88.0 to
9732.0 15220.0 556.0 132.0 freedom,
10384.0 15224.0 276.0 116.0 Who
10696.0 15228.0 300.0 116.0 have
11056.0 15216.0 412.0 128.0 before

9028.0 15396.0 208.0 112.0 the
9292.0 15384.0 408.0 148.0 pafling
9760.0 15384.0 140.0 116.0 of
9948.0 15388.0 228.0 120.0 this
10248.0 15384.0 800.0 120.0 acWnftituied
11112.0 15428.0 60.0 76.0 a
11240.0 15380.0 224.0 128.0 suit

9024.0 15592.0 136.0 80.0 or
9252.0 15552.0 264.0 112.0 suits
9576.0 15548.0 184.0 112.0 for
9824.0 15548.0 196.0 116.0 the
10088.0 15548.0 332.0 156.0 fanje,
10480.0 15552.0 108.0 116.0 in
10648.0 15588.0 212.0 112.0 any
10932.0 15540.0 364.0 128.0 Court
11332.0 15552.0 148.0 120.0 of

9016.0 15720.0 232.0 112.0 this
9304.0 15716.0 1068.0 124.0 Commonwealth?
10408.0 15744.0 204.0 80.0 nor
10704.0 15732.0 124.0 88.0 to
10900.0 15744.0 212.0 116.0 any
11188.0 15716.0 276.0 116.0 such

9024.0 15876.0 244.0 120.0 case
9324.0 15872.0 108.0 112.0 in
9512.0 15868.0 384.0 116.0 which
9984.0 15900.0 140.0 84.0 an
10180.0 15864.0 796.0 148.0 adiudication,
11044.0 15908.0 132.0 76.0 or
11268.0 15872.0 136.0 116.0 ad-

9008.0 16032.0 736.0 156.0 judications,
9816.0 16028.0 268.0 120.0 shall
10120.0 16032.0 300.0 120.0 have
10472.0 16036.0 288.0 116.0 been
10828.0 16028.0 224.0 128.0 had
11088.0 16036.0 324.0 124.0 there-

9044.0 16232.0 344.0 116.0 upon.
9116.0 16576.0 124.0 120.0 A
9484.0 16604.0 492.0 100.0 certain
10112.0 16572.0 276.0 128.0 .VJr.
10512.0 16568.0 596.0 140.0 Samuel,
11232.0 16576.0 240.0 132.0 has

9364.0 16752.0 388.0 184.0 lately
9860.0 16764.0 676.0 176.0 appeared
10640.0 16760.0 132.0 140.0 in
10856.0 16768.0 216.0 136.0 the
11232.0 16764.0 168.0 140.0 Di-

9064.0 16936.0 400.0 184.0 ftricl,
9564.0 16948.0 316.0 144.0 with
9992.0 17004.0 72.0 88.0 a
10228.0 16964.0 740.0 176.0 pretended
11084.0 16960.0 380.0 144.0 bond

9068.0 17140.0 352.0 152.0 from
9528.0 17196.0 268.0 96.0 one
9924.0 17148.0 648.0 148.0 Rodham
10648.0 17180.0 540.0 120.0 Knnor
11308.0 17148.0 176.0 152.0 of

9056.0 17340.0 612.0 144.0 Caioline
9840.0 17352.0 548.0 180.0 County
10524.0 17352.0 516.0 180.0 against
11240.0 17404.0 228.0 100.0 me

8944.0 17568.0 32.0 24.0 '
9056.0 17556.0 204.0 144.0 for
9300.0 17580.0 504.0 140.0 twenty
9936.0 17548.0 580.0 172.0 Pounds,
10584.0 17548.0 424.0 144.0 which
11092.0 17552.0 372.0 140.0 bond

9184.0 17744.0 184.0 132.0 do
9432.0 17744.0 416.0 172.0 deny,
9980.0 17788.0 248.0 96.0 nor
10348.0 17752.0 176.0 132.0 do
10632.0 17748.0 52.0 140.0 I
10820.0 17796.0 296.0 88.0 owe
11192.0 17748.0 272.0 140.0 said

9044.0 17956.0 536.0 124.0 Knnor
9692.0 17984.0 264.0 96.0 one
10024.0 17940.0 652.0 188.0 farthing,
10752.0 17992.0 136.0 88.0 as
10936.0 17940.0 56.0 136.0 I
11116.0 17948.0 352.0 136.0 have

9032.0 18148.0 512.0 168.0 iecuipt
9640.0 18132.0 528.0 184.0 againit
10292.0 18152.0 256.0 128.0 laid
10624.0 18164.0 516.0 120.0 Kennor
11252.0 18140.0 216.0 140.0 for

9040.0 18336.0 172.0 140.0 all
9352.0 18328.0 612.0 184.0 dealings
10072.0 18376.0 316.0 100.0 ever
10512.0 18376.0 256.0 96.0 was
10848.0 18340.0 616.0 148.0 between

9040.0 18580.0 164.0 96.0 us
9400.0 18524.0 264.0 144.0 this
9772.0 18524.0 108.0 144.0 is
9948.0 18556.0 132.0 112.0 to
10152.0 18520.0 656.0 148.0 forewarn
10916.0 18528.0 168.0 140.0 all
11164.0 18576.0 232.0 132.0 per-

9036.0 18732.0 308.0 136.0 fons
9468.0 18720.0 356.0 144.0 from
9956.0 18724.0 524.0 184.0 trading
10608.0 18716.0 260.0 188.0 for,
10936.0 18772.0 152.0 88.0 or
11156.0 18728.0 308.0 136.0 tak-i

9024.0 18980.0 44.0 88.0 t
9132.0 18972.0 136.0 136.0 ig
9336.0 18968.0 176.0 92.0 an
9608.0 18916.0 800.0 184.0 alignment
10472.0 18968.0 176.0 96.0 on
10724.0 18920.0 256.0 140.0 said
11036.0 18920.0 432.0 176.0 bond,

9028.0 19168.0 148.0 96.0 as
9264.0 19120.0 52.0 140.0 I
9488.0 19116.0 264.0 144.0 will
9912.0 19152.0 244.0 108.0 not
10288.0 19160.0 256.0 128.0 pay
10704.0 19160.0 276.0 128.0 any
11152.0 19148.0 328.0 140.0 patt

9028.0 19316.0 164.0 148.0 of
9272.0 19316.0 216.0 144.0 the
9580.0 19316.0 408.0 140.0 famp.

9688.0 19500.0 572.0 128.0 HENRY
10356.0 19500.0 956.0 132.0 CRUTCHER.

9192.0 19652.0 248.0 148.0 sib,
9520.0 19696.0 172.0 152.0 X2,
9768.0 19680.0 348.0 152.0 i78o,
