12984 21392
1504.0 1540.0 188.0 128.0 An
1760.0 1536.0 324.0 128.0 ACT
2132.0 1536.0 176.0 128.0 far
2336.0 1532.0 468.0 168.0 further
2856.0 1524.0 572.0 172.0 amending
3456.0 1572.0 136.0 88.0 an
3656.0 1528.0 216.0 164.0 aS,

1664.0 1920.0 532.0 128.0 intituled
2316.0 1916.0 296.0 116.0 "An
2684.0 1912.0 452.0 188.0 aftrfgr
3204.0 1904.0 688.0 160.0 eftablifling

1676.0 2324.0 72.0 84.0 a
1804.0 2276.0 748.0 132.0 DISTRICT
2604.0 2276.0 544.0 124.0 COURT
3184.0 2316.0 132.0 80.0 on
3372.0 2272.0 180.0 124.0 the
3612.0 2264.0 296.0 164.0 Heft-

1680.0 2640.0 192.0 84.0 em
1952.0 2628.0 432.0 92.0 waters.

1756.0 3088.0 384.0 168.0 faffed
2196.0 3084.0 176.0 132.0 the
2416.0 3092.0 140.0 144.0 3d
2608.0 3080.0 120.0 168.0 of
2772.0 3092.0 576.0 116.0 December
3460.0 3120.0 44.0 88.0 1
3536.0 3060.0 324.0 180.0 788.5

1548.0 3396.0 224.0 124.0 Sec.
1824.0 3404.0 40.0 108.0 I
1920.0 3388.0 960.0 120.0 WHEREAS
2924.0 3384.0 216.0 116.0 lhe
3208.0 3376.0 420.0 160.0 Ju"d8es
3724.0 3376.0 212.0 112.0 and

1960.0 3504.0 212.0 160.0 W
2312.0 3564.0 340.0 108.0 oiher
2728.0 3548.0 436.0 116.0 officers
3252.0 3544.0 140.0 116.0 of
3444.0 3548.0 200.0 108.0 the
3736.0 3540.0 152.0 116.0 Su-

1536.0 3764.0 380.0 116.0 preme
2040.0 3720.0 380.0 112.0 Court
2552.0 3720.0 176.0 112.0 for
2884.0 3720.0 204.0 104.0 the
3248.0 3704.0 456.0 120.0 Diftrift
3816.0 3708.0 120.0 108.0 ot

1536.0 3892.0 648.0 144.0 Kentucky,
2272.0 3916.0 192.0 76.0 are
2556.0 3864.0 552.0 156.0 fubjefted
3180.0 3892.0 116.0 92.0 to
3384.0 3880.0 328.0 136.0 mariy
3784.0 3864.0 108.0 112.0 in-

1532.0 4080.0 876.0 104.0 conveniences,
2544.0 4044.0 144.0 144.0 by
2800.0 4048.0 340.0 128.0 being
3260.0 4024.0 456.0 148.0 obliged
3816.0 4052.0 124.0 84.0 to

1532.0 4224.0 332.0 108.0 make
1972.0 4204.0 500.0 156.0 personal
2632.0 4200.0 732.0 152.0 applications
3496.0 4216.0 120.0 88.0 to
3740.0 4188.0 204.0 116.0 the

1464.0 4484.0 20.0 20.0 .
1540.0 4384.0 400.0 112.0 Clerks
2048.0 4372.0 136.0 116.0 of
2272.0 4372.0 204.0 112.0 the
2576.0 4364.0 420.0 124.0 feveial
3096.0 4364.0 416.0 108.0 Courts
3580.0 4352.0 136.0 116.0 of
3740.0 4356.0 200.0 108.0 the

1536.0 4544.0 456.0 116.0 Diftrift
2064.0 4536.0 172.0 116.0 for
2344.0 4528.0 200.0 116.0 the
2620.0 4552.0 528.0 128.0 payment
3212.0 4520.0 140.0 112.0 of
3420.0 4520.0 196.0 112.0 the
3668.0 4516.0 216.0 112.0 fala-

1532.0 4712.0 220.0 108.0 ries
1832.0 4732.0 516.0 108.0 accruing
2452.0 4720.0 116.0 84.0 to
2688.0 4696.0 308.0 112.0 them
3040.0 4720.0 40.0 76.0 ;
3168.0 4688.0 220.0 112.0 For
3484.0 4668.0 452.0 156.0 remedy

1456.0 4872.0 44.0 52.0 T
1536.0 4860.0 568.0 140.0 whereof,
2196.0 4860.0 136.0 116.0 Be
2400.0 4860.0 92.0 108.0 it
2560.0 4852.0 436.0 116.0 euaBed
3052.0 4856.0 124.0 140.0 by
3236.0 4844.0 184.0 116.0 the
3484.0 4836.0 460.0 120.0 General

1540.0 5032.0 584.0 156.0 AJembly,
2248.0 5028.0 244.0 108.0 that
2580.0 5028.0 200.0 104.0 the
2884.0 5020.0 648.0 124.0 Governor,
3656.0 5000.0 284.0 116.0 With

1524.0 5200.0 228.0 112.0 the
1820.0 5200.0 432.0 124.0 advice,
2316.0 5184.0 136.0 116.0 of
2516.0 5188.0 196.0 112.0 the
2816.0 5172.0 532.0 140.0 Council,
3420.0 5168.0 260.0 116.0 shall
3764.0 5200.0 136.0 112.0 ap-

1544.0 5388.0 328.0 120.0 point
1948.0 5352.0 208.0 116.0 and
2220.0 5344.0 680.0 120.0 commiffion
2972.0 5344.0 300.0 112.0 some
3352.0 5328.0 596.0 156.0 perfonjto

1540.0 5528.0 152.0 108.0 be
1768.0 5556.0 60.0 76.0 a
1900.0 5548.0 544.0 100.0 receiver,
2512.0 5516.0 268.0 104.0 who
2840.0 5496.0 260.0 120.0 shall
3172.0 5496.0 352.0 116.0 reside
3616.0 5516.0 112.0 92.0 at
3812.0 5528.0 136.0 76.0 or

1556.0 5720.0 268.0 80.0 near
1928.0 5684.0 200.0 116.0 the
2232.0 5684.0 308.0 144.0 place
2620.0 5672.0 136.0 116.0 of
2848.0 5664.0 468.0 144.0 holding
3412.0 5664.0 196.0 108.0 the
3728.0 5644.0 224.0 128.0 said

1560.0 5852.0 404.0 128.0 Court,
2072.0 5840.0 212.0 116.0 and
2380.0 5876.0 148.0 76.0 on
2620.0 5840.0 508.0 136.0 entering
3220.0 5828.0 240.0 112.0 into
3600.0 5812.0 344.0 140.0 bond,

1548.0 6012.0 668.0 152.0 payableo
2304.0 6008.0 884.0 120.0 theGotemor,
3288.0 6024.0 128.0 76.0 or
3484.0 5988.0 176.0 112.0 his
3724.0 5976.0 184.0 120.0 fuc-

1552.0 6172.0 448.0 136.0 cdlors,
2092.0 6168.0 156.0 116.0 foi
2364.0 6168.0 196.0 112.0 the
2640.0 6164.0 188.0 116.0 use
2884.0 6152.0 132.0 120.0 of
3084.0 6160.0 200.0 112.0 the
3356.0 6152.0 552.0 112.0 Common

1560.0 6340.0 456.0 128.0 wealth,
2100.0 6328.0 204.0 120.0 and
2404.0 6332.0 276.0 112.0 with
2768.0 6320.0 548.0 128.0 sufficient
3432.0 6316.0 516.0 144.0 feeurity,

1556.0 6528.0 132.0 88.0 to
1752.0 6508.0 144.0 108.0 be
1996.0 6492.0 568.0 156.0 approved
2600.0 6492.0 136.0 112.0 of
2784.0 6496.0 148.0 144.0 by
3004.0 6472.0 480.0 128.0 the-said
3544.0 6480.0 404.0 136.0 Court,

1552.0 6700.0 124.0 80.0 in
1740.0 6672.0 204.0 108.0 the
2044.0 6664.0 224.0 116.0 fuin
2360.0 6656.0 132.0 116.0 of
2536.0 6660.0 224.0 116.0 five
2852.0 6640.0 552.0 128.0 thousand
3464.0 6632.0 488.0 156.0 pounds,

1560.0 6828.0 736.0 132.0 conditioned
2340.0 6828.0 176.0 112.0 for
2580.0 6824.0 196.0 112.0 the
2864.0 6812.0 456.0 116.0 faithful
3416.0 6804.0 540.0 144.0 dicharge

1556.0 7000.0 140.0 116.0 of
1764.0 7000.0 172.0 108.0 his
2032.0 6992.0 320.0 140.0 tiuft,
2420.0 6984.0 260.0 116.0 (hall
2756.0 6988.0 144.0 108.0 be
2968.0 6972.0 372.0 124.0 veiled
3408.0 6972.0 280.0 108.0 with
3760.0 6972.0 196.0 112.0 the

1556.0 7176.0 300.0 140.0 joint
1920.0 7188.0 360.0 120.0 powe'
2392.0 7144.0 208.0 120.0 and
2680.0 7148.0 580.0 144.0 authority
3336.0 7132.0 380.0 116.0 which
3756.0 7132.0 200.0 116.0 the

1564.0 7336.0 392.0 148.0 public
2088.0 7312.0 488.0 120.0 Auditor
2700.0 7308.0 208.0 116.0 and
3012.0 7304.0 608.0 120.0 Tieafurer
3772.0 7328.0 188.0 84.0 ate

1568.0 7524.0 268.0 88.0 now
1964.0 7488.0 140.0 144.0 by
2232.0 7488.0 204.0 108.0 law
2556.0 7468.0 532.0 156.0 pofiefled
3176.0 7468.0 164.0 132.0 of,
3436.0 7464.0 176.0 116.0 for
3744.0 7460.0 156.0 116.0 fet
3744.0 7460.0 156.0 116.0 set-

1560.0 7664.0 292.0 136.0 tling
1912.0 7648.0 276.0 116.0 with
2256.0 7648.0 196.0 112.0 the
2516.0 7636.0 220.0 120.0 said
2832.0 7636.0 392.0 116.0 Clerks
3304.0 7624.0 212.0 120.0 and
3576.0 7628.0 380.0 140.0 giving

1568.0 7828.0 324.0 112.0 them
1960.0 7840.0 472.0 116.0 receipts
2544.0 7804.0 176.0 116.0 for
2812.0 7808.0 144.0 108.0 all
3056.0 7796.0 376.0 156.0 puplic
3532.0 7820.0 428.0 84.0 monies

1568.0 7988.0 192.0 116.0 for
1824.0 7980.0 384.0 120.0 which
2300.0 7976.0 268.0 140.0 they
2696.0 8004.0 184.0 80.0 aie
2980.0 7960.0 736.0 116.0 accountable
3812.0 7960.0 144.0 140.0 by

1568.0 8152.0 272.0 128.0 law,
1940.0 8140.0 204.0 120.0 and
2208.0 8136.0 228.0 116.0 also
2520.0 8136.0 204.0 108.0 the
2812.0 8160.0 388.0 116.0 power
3320.0 8120.0 144.0 112.0 of
3512.0 8120.0 200.0 112.0 the
3808.0 8116.0 112.0 108.0 fo-

1572.0 8316.0 420.0 116.0 licitor,
2084.0 8336.0 120.0 84.0 to
2312.0 8332.0 340.0 84.0 move
2772.0 8300.0 196.0 108.0 the
3080.0 8280.0 212.0 124.0 laid
3416.0 8280.0 224.0 120.0 said
3756.0 8280.0 156.0 116.0 Su-

1576.0 8508.0 396.0 124.0 preme
2052.0 8476.0 356.0 108.0 Court
2480.0 8460.0 176.0 116.0 for
2752.0 8456.0 580.0 148.0 judgment
3440.0 8440.0 212.0 120.0 and
3748.0 8448.0 172.0 112.0 Ex

1576.0 8672.0 460.0 84.0 ecution
2116.0 8628.0 404.0 152.0 againfl
2588.0 8628.0 256.0 116.0 such
2888.0 8620.0 140.0 116.0 of
3096.0 8624.0 308.0 108.0 them
3476.0 8640.0 112.0 84.0 as
3700.0 8600.0 264.0 116.0 shall

1576.0 8808.0 160.0 116.0 be
1820.0 8800.0 596.0 144.0 dehnquen
2480.0 8872.0 28.0 28.0 .

1748.0 8968.0 236.0 116.0 Sec.
2080.0 8968.0 144.0 112.0 II.
2292.0 8952.0 256.0 116.0 Aid
2612.0 8956.0 116.0 108.0 be
2796.0 8952.0 96.0 112.0 it
2932.0 8940.0 468.0 164.0 further
3488.0 8928.0 476.0 144.0 enafled,

1576.0 9120.0 872.0 132.0 That'thefaid
2540.0 9148.0 508.0 84.0 receiver
3104.0 9104.0 308.0 136.0 shall,
3476.0 9128.0 488.0 116.0 ateveiy

1576.0 9296.0 400.0 120.0 feflion
2076.0 9284.0 136.0 116.0 of
2268.0 9288.0 196.0 112.0 the
2528.0 9276.0 216.0 120.0 said
2848.0 9276.0 400.0 128.0 Court,
3344.0 9264.0 396.0 120.0 render
3832.0 9292.0 136.0 80.0 an

1576.0 9480.0 484.0 96.0 account
2172.0 9476.0 120.0 88.0 to
2360.0 9452.0 200.0 108.0 the
2668.0 9444.0 272.0 116.0 then
3056.0 9436.0 392.0 144.0 feting
3508.0 9424.0 452.0 156.0 Judges,

1572.0 9624.0 148.0 116.0 of
1760.0 9620.0 136.0 116.0 all
2004.0 9616.0 200.0 116.0 the
2320.0 9612.0 428.0 116.0 monies
2844.0 9608.0 152.0 112.0 he
3068.0 9596.0 180.0 116.0 ilia
3304.0 9600.0 20.0 112.0 I
3432.0 9600.0 292.0 108.0 have
3792.0 9620.0 120.0 80.0 re-

1576.0 9776.0 408.0 128.0 ceived
2040.0 9772.0 912.0 148.0 inconsequence
3012.0 9764.0 136.0 112.0 of
3224.0 9764.0 172.0 112.0 his
3460.0 9772.0 456.0 136.0 appoint-

1576.0 9980.0 376.0 104.0 ment;
2048.0 9964.0 204.0 88.0 out
2312.0 9936.0 140.0 120.0 of
2500.0 9932.0 376.0 116.0 wh'ch
2944.0 9932.0 148.0 112.0 he
3164.0 9920.0 264.0 116.0 shall
3520.0 9928.0 132.0 108.0 be
3712.0 9916.0 200.0 116.0 inti-

1564.0 10112.0 236.0 124.0 lled
1852.0 10148.0 120.0 76.0 to
2020.0 10144.0 60.0 72.0 a
2124.0 10096.0 680.0 120.0 commiilion
2844.0 10092.0 132.0 120.0 of
3000.0 10096.0 252.0 112.0 sour
3292.0 10124.0 188.0 112.0 per
3520.0 10104.0 448.0 96.0 centum

1580.0 10276.0 188.0 120.0 for
1900.0 10280.0 172.0 112.0 his
2208.0 10264.0 484.0 132.0 trouble,
2824.0 10256.0 208.0 120.0 and
3172.0 10256.0 200.0 112.0 the
3512.0 10252.0 456.0 112.0 balance

1588.0 10452.0 160.0 116.0 he
1816.0 10440.0 260.0 112.0 shall
2152.0 10468.0 212.0 120.0 pay
2440.0 10464.0 148.0 80.0 on
2664.0 10416.0 468.0 124.0 demand
3224.0 10444.0 116.0 88.0 to
3452.0 10416.0 196.0 116.0 the
3692.0 10408.0 216.0 152.0 Jud-

1580.0 10644.0 200.0 108.0 ges
1908.0 10596.0 208.0 116.0 and
2244.0 10596.0 344.0 108.0 other
2712.0 10584.0 444.0 116.0 officers
3260.0 10580.0 140.0 112.0 of
3460.0 10580.0 196.0 112.0 the
3748.0 10560.0 216.0 128.0 said

1584.0 10776.0 208.0 132.0 jSu,
1892.0 10792.0 248.0 80.0 eme
2232.0 10756.0 400.0 128.0 Court,
2724.0 10780.0 108.0 76.0 in
2900.0 10736.0 580.0 136.0 d.fcharge
3564.0 10724.0 136.0 112.0 of
3764.0 10716.0 204.0 112.0 the

1580.0 10936.0 524.0 112.0 SaU'ies,
2208.0 10952.0 124.0 76.0 or
2400.0 10940.0 412.0 84.0 ariears
2904.0 10900.0 136.0 112.0 of
3140.0 10896.0 520.0 120.0 Salanes,
3748.0 10876.0 212.0 116.0 and

1580.0 11084.0 544.0 152.0 stipends,
2196.0 11072.0 376.0 120.0 which
2644.0 11064.0 424.0 152.0 maybe
3132.0 11056.0 220.0 116.0 due
3420.0 11080.0 116.0 84.0 to
3608.0 11052.0 348.0 128.0 them,

1580.0 11296.0 136.0 76.0 or
1800.0 11256.0 368.0 112.0 ei'her
2264.0 11244.0 136.0 112.0 of
2484.0 11248.0 364.0 116.0 them,
2952.0 11208.0 1012.0 156.0 uufln-p-oducing

1580.0 11452.0 132.0 88.0 to
1780.0 11428.0 228.0 104.0 h.m
2124.0 11408.0 260.0 112.0 such
2488.0 11392.0 696.0 188.0 Cgiyncam
3300.0 11384.0 464.0 112.0 thereof
3848.0 11400.0 112.0 80.0 as

1572.0 11624.0 204.0 76.0 are
1884.0 11568.0 508.0 152.0 '.coined
2556.0 11564.0 468.0 132.0 lBthe
3132.0 11552.0 204.0 128.0 aft,
3444.0 11528.0 576.0 128.0 intituled.
4112.0 11640.0 8.0 24.0 ,

1648.0 11768.0 24.0 44.0 '
1740.0 11748.0 180.0 116.0 An
1988.0 11740.0 156.0 112.0 all
2176.0 11732.0 196.0 156.0 for
2428.0 11724.0 568.0 148.0 amming
3060.0 11752.0 136.0 80.0 an
3256.0 11712.0 160.0 112.0 aS
3448.0 11704.0 200.0 152.0 for
3708.0 11688.0 264.0 152.0 eftd-

1580.0 11908.0 476.0 156.0 llifbmg
2124.0 11940.0 60.0 72.0 a
2260.0 11888.0 452.0 152.0 DiftriB
2784.0 11884.0 324.0 112.0 Court
3176.0 11916.0 124.0 72.0 on
3364.0 11872.0 176.0 112.0 the
3636.0 11856.0 288.0 156.0 Weft-

1576.0 12120.0 200.0 72.0 em
1856.0 12072.0 492.0 112.0 wafrs"
2448.0 12064.0 368.0 132.0 taking
2904.0 12048.0 480.0 140.0 leceipts
3488.0 12036.0 480.0 112.0 theieon
4048.0 12024.0 72.0 52.0 '"

1576.0 12280.0 132.0 76.0 as
1784.0 12248.0 200.0 104.0 the
2076.0 12224.0 396.0 116.0 Cleiks
2556.0 12256.0 104.0 76.0 in
2764.0 12216.0 196.0 112.0 the
3032.0 12204.0 220.0 120.0 said
3332.0 12200.0 156.0 108.0 aft
3552.0 12228.0 188.0 80.0 are
3804.0 12184.0 112.0 120.0 di-

1576.0 12408.0 380.0 120.0 lefted
2052.0 12420.0 116.0 88.0 to
2268.0 12396.0 320.0 124.0 take;
2716.0 12376.0 380.0 116.0 which
3228.0 12372.0 732.0 120.0 Cclinoites,

1580.0 12576.0 292.0 108.0 with
1980.0 12596.0 60.0 76.0 a
2128.0 12588.0 288.0 116.0 copy
2492.0 12548.0 136.0 112.0 of
2704.0 12544.0 176.0 116.0 his
2976.0 12560.0 584.0 100.0 accounts,
3684.0 12544.0 280.0 92.0 alter

1580.0 12736.0 428.0 136.0 having
2072.0 12728.0 288.0 108.0 been
2448.0 12700.0 628.0 132.0 examined,
3188.0 12688.0 212.0 120.0 and
3492.0 12676.0 468.0 124.0 attested

1580.0 12924.0 136.0 92.0 to
1792.0 12900.0 144.0 116.0 be
2024.0 12916.0 280.0 96.0 true,
2408.0 12884.0 140.0 144.0 by
2668.0 12872.0 196.0 116.0 the
2968.0 12856.0 220.0 124.0 fa'd
3292.0 12852.0 452.0 160.0 Judges,
3816.0 12848.0 152.0 116.0 he

1592.0 13060.0 276.0 116.0 shall
2004.0 13048.0 488.0 120.0 transmit
2596.0 13064.0 108.0 88.0 at
2808.0 13048.0 300.0 108.0 lealt,
3204.0 13048.0 568.0 116.0 annually,
3840.0 13048.0 124.0 72.0 to

1576.0 13252.0 132.0 92.0 to
1748.0 13228.0 196.0 112.0 the
1992.0 13208.0 476.0 124.0 Auditor
2508.0 13216.0 116.0 100.0 ot
2668.0 13196.0 376.0 156.0 public
3092.0 13208.0 584.0 116.0 accounts,
3748.0 13168.0 216.0 124.0 and

1576.0 13416.0 132.0 88.0 at
1780.0 13392.0 200.0 112.0 the
2048.0 13380.0 280.0 116.0 same
2384.0 13404.0 264.0 96.0 time
2716.0 13396.0 208.0 116.0 pay
2996.0 13376.0 276.0 92.0 unto
3392.0 13348.0 204.0 112.0 the
3684.0 13356.0 228.0 136.0 pub-

1576.0 13560.0 160.0 112.0 lic
1804.0 13548.0 492.0 140.0 tieal'ury
2364.0 13544.0 204.0 112.0 the
2648.0 13528.0 428.0 148.0 surplus
3160.0 13508.0 132.0 120.0 of
3352.0 13516.0 224.0 108.0 this
3636.0 13504.0 324.0 140.0 fund,

1588.0 13756.0 140.0 84.0 or
1796.0 13724.0 144.0 112.0 be
1996.0 13708.0 328.0 120.0 liable
2384.0 13736.0 120.0 88.0 to
2604.0 13692.0 720.0 152.0 prosecution
3412.0 13668.0 552.0 140.0 therefor,

1588.0 13888.0 120.0 112.0 in
1776.0 13884.0 200.0 112.0 the
2044.0 13876.0 288.0 116.0 same
2404.0 13896.0 492.0 96.0 manner,
3016.0 13840.0 216.0 124.0 and
3328.0 13844.0 140.0 116.0 be
3560.0 13836.0 408.0 144.0 fubjeft

1588.0 14080.0 128.0 84.0 to
1796.0 14048.0 196.0 116.0 the
2060.0 14040.0 284.0 116.0 same
2440.0 14024.0 588.0 156.0 penalties,
3120.0 14044.0 116.0 80.0 as
3316.0 14004.0 656.0 148.0 dsl.nquent

1592.0 14216.0 400.0 112.0 Clerks
2092.0 14200.0 140.0 124.0 of
2404.0 14204.0 412.0 108.0 Courts
3020.0 14216.0 184.0 80.0 are
3328.0 14176.0 336.0 108.0 liable
3808.0 14192.0 164.0 84.0 to.

1584.0 14368.0 856.0 128.0 PROVIDED
2508.0 14344.0 892.0 132.0 HOWEVER,
3468.0 14332.0 92.0 116.0 Is
3616.0 14324.0 356.0 124.0 itfhall

1588.0 14576.0 120.0 80.0 at
1796.0 14568.0 212.0 116.0 any
2060.0 14564.0 304.0 84.0 -time
2452.0 14556.0 400.0 116.0 appear
2952.0 14540.0 120.0 88.0 to
3164.0 14520.0 196.0 100.0 the
3428.0 14492.0 212.0 124.0 said
3712.0 14488.0 216.0 160.0 Jud-

1588.0 14744.0 244.0 112.0 ges,
1916.0 14704.0 244.0 108.0 that
2228.0 14700.0 204.0 108.0 the
2520.0 14684.0 276.0 120.0 fund
2884.0 14716.0 108.0 80.0 in
3092.0 14672.0 200.0 116.0 the
3400.0 14656.0 352.0 124.0 hands
3848.0 14652.0 140.0 120.0 of

1600.0 14876.0 208.0 108.0 the
1900.0 14856.0 212.0 124.0 laid
2252.0 14884.0 548.0 100.0 receiver,
2908.0 14848.0 88.0 108.0 is
3092.0 14828.0 676.0 152.0 inadequate
3856.0 14848.0 116.0 84.0 to

1596.0 15040.0 208.0 108.0 the
1864.0 15020.0 532.0 152.0 purposes
2488.0 15016.0 180.0 116.0 for
2780.0 15008.0 380.0 116.0 which
3272.0 15000.0 84.0 112.0 it
3456.0 15028.0 84.0 80.0 is
3648.0 14992.0 276.0 108.0 allot-

1592.0 15196.0 240.0 124.0 ted,
1908.0 15196.0 264.0 136.0 they
2268.0 15180.0 260.0 112.0 shall
2596.0 15168.0 340.0 124.0 direst
3032.0 15168.0 204.0 116.0 the
3332.0 15152.0 216.0 124.0 said
3632.0 15152.0 288.0 120.0 recei-

1584.0 15396.0 212.0 80.0 ver
1912.0 15388.0 112.0 76.0 to
2112.0 15360.0 316.0 104.0 make
2500.0 15376.0 120.0 80.0 a.
2672.0 15328.0 536.0 124.0 dividend
3308.0 15320.0 456.0 124.0 thereof
3856.0 15340.0 124.0 88.0 to

1608.0 15524.0 280.0 116.0 each
1960.0 15528.0 552.0 112.0 claimant,
2612.0 15520.0 860.0 128.0 proportionate
3564.0 15516.0 120.0 84.0 to
3780.0 15484.0 204.0 112.0 the

1584.0 15708.0 472.0 92.0 amount
2116.0 15692.0 120.0 96.0 ot
2316.0 15676.0 200.0 112.0 the
2608.0 15660.0 696.0 124.0 Certificates
3368.0 15652.0 268.0 148.0 they
3720.0 15644.0 264.0 116.0 shall

1604.0 15836.0 748.0 144.0 ieieft;vcly
2500.0 15828.0 504.0 148.0 pioduce
3128.0 15852.0 120.0 76.0 to
3364.0 15824.0 232.0 108.0 him
3768.0 15796.0 220.0 120.0 and

1600.0 16008.0 212.0 112.0 the
1912.0 15996.0 412.0 116.0 several
2420.0 15992.0 516.0 112.0 balances
3036.0 15992.0 244.0 100.0 that
3380.0 16004.0 248.0 112.0 may
3708.0 15968.0 276.0 112.0 then

1612.0 16196.0 416.0 88.0 remain
2092.0 16156.0 220.0 116.0 due
2404.0 16184.0 124.0 80.0 to
2604.0 16152.0 360.0 128.0 them,
3068.0 16136.0 260.0 116.0 shall
3424.0 16140.0 144.0 108.0 be
3668.0 16136.0 272.0 112.0 certi-

1612.0 16332.0 220.0 116.0 fied
1904.0 16332.0 136.0 132.0 by
2112.0 16320.0 200.0 116.0 the
2404.0 16312.0 216.0 116.0 said
2696.0 16312.0 532.0 124.0 recriver,
3328.0 16292.0 216.0 124.0 and
3648.0 16328.0 296.0 80.0 coun-

1612.0 16480.0 560.0 152.0 teifigned
2288.0 16480.0 140.0 144.0 by
2504.0 16488.0 376.0 100.0 oneot
2952.0 16468.0 196.0 116.0 the
3232.0 16452.0 220.0 128.0 sad
3536.0 16452.0 452.0 164.0 Judges,

1624.0 16688.0 156.0 80.0 on
1904.0 16644.0 376.0 112.0 which
2400.0 16640.0 148.0 112.0 he
2640.0 16628.0 404.0 120.0 holder
3140.0 16624.0 264.0 116.0 shall
3508.0 16636.0 136.0 104.0 be
3752.0 16624.0 196.0 108.0 mti-

1616.0 16808.0 236.0 124.0 tled
1992.0 16832.0 120.0 88.0 to
2228.0 16824.0 532.0 128.0 payment
2840.0 16820.0 208.0 88.0 out
3156.0 16792.0 140.0 112.0 of
3384.0 16792.0 196.0 112.0 the
3668.0 16776.0 332.0 128.0 funds

1644.0 16960.0 564.0 164.0 piovided
2272.0 16964.0 184.0 116.0 for
2524.0 16964.0 196.0 112.0 the
2776.0 16956.0 572.0 140.0 difchaige
3412.0 16952.0 136.0 112.0 of
3592.0 16952.0 368.0 112.0 thcSa-

1616.0 17144.0 332.0 116.0 lanes
2052.0 17128.0 136.0 112.0 of
2268.0 17128.0 196.0 112.0 the
2544.0 17124.0 332.0 112.0 other
2976.0 17120.0 260.0 112.0 civil
3316.0 17112.0 476.0 120.0 Officers
3880.0 17108.0 136.0 116.0 of

1632.0 17304.0 204.0 112.0 the
1984.0 17296.0 348.0 116.0 State.

1792.0 17460.0 232.0 116.0 Sec.
2108.0 17460.0 212.0 112.0 111.
2400.0 17440.0 256.0 120.0 Aid
2744.0 17444.0 120.0 108.0 be
2900.0 17444.0 88.0 108.0 it
3016.0 17432.0 468.0 152.0 further
3536.0 17432.0 464.0 136.0 enattcd,

1632.0 17628.0 328.0 112.0 That
2080.0 17620.0 196.0 108.0 the
2380.0 17604.0 212.0 120.0 said
2696.0 17600.0 432.0 156.0 -Judges
3240.0 17632.0 184.0 80.0 are
3572.0 17600.0 432.0 144.0 hetcoy

1628.0 17772.0 672.0 128.0 authorized
2364.0 17764.0 212.0 120.0 and
2620.0 17756.0 744.0 156.0 impoweicd,
3404.0 17788.0 116.0 84.0 to
3556.0 17784.0 456.0 120.0 appoint

1640.0 17984.0 68.0 76.0 a
1768.0 17948.0 384.0 148.0 Jailor,
2260.0 17932.0 204.0 120.0 and
2556.0 17936.0 316.0 108.0 make
2968.0 17928.0 224.0 112.0 him
3292.0 17924.0 256.0 108.0 '"uch
3624.0 17920.0 332.0 108.0 allow-

1640.0 18140.0 280.0 80.0 ance
2012.0 18100.0 180.0 116.0 for
2292.0 18100.0 172.0 116.0 his
2604.0 18096.0 480.0 112.0 services
3176.0 18120.0 112.0 80.0 as
3392.0 18088.0 272.0 140.0 they
3744.0 18068.0 264.0 124.0 shall

1640.0 18276.0 132.0 108.0 th
1828.0 18276.0 140.0 104.0 nk
2072.0 18256.0 640.0 120.0 reasonable
2832.0 18244.0 208.0 120.0 and
3140.0 18252.0 236.0 112.0 alio
3476.0 18276.0 116.0 80.0 to
3696.0 18244.0 320.0 112.0 nuke

1636.0 18468.0 144.0 76.0 an
1844.0 18428.0 612.0 112.0 allowance
2532.0 18412.0 180.0 120.0 Tor
2832.0 18408.0 200.0 116.0 the
3092.0 18412.0 224.0 144.0 pad
3384.0 18404.0 644.0 120.0 fervicesof

1644.0 18596.0 204.0 108.0 the
1944.0 18612.0 392.0 120.0 perion
2424.0 18584.0 276.0 108.0 who
2796.0 18576.0 276.0 112.0 hath
3172.0 18568.0 304.0 120.0 afted
3568.0 18600.0 108.0 80.0 as
3804.0 18568.0 156.0 152.0 Jai-

1648.0 18756.0 156.0 120.0 lot
1896.0 18776.0 120.0 84.0 to
2124.0 18752.0 200.0 108.0 the
2404.0 18736.0 212.0 116.0 laid
2680.0 18736.0 400.0 116.0 Court.

1612.0 18956.0 48.0 16.0 -
1800.0 18916.0 232.0 108.0 Sec.
2128.0 18916.0 196.0 108.0 IV.
2396.0 18912.0 156.0 108.0 So
2620.0 18904.0 332.0 108.0 much
3056.0 18892.0 136.0 116.0 of
3232.0 18892.0 144.0 116.0 all
3484.0 18884.0 208.0 120.0 and
3764.0 18924.0 212.0 88.0 eve-

1644.0 19108.0 136.0 112.0 ry
1896.0 19072.0 156.0 108.0 aft
2116.0 19108.0 72.0 76.0 o
2308.0 19076.0 212.0 108.0 afts
2584.0 19072.0 112.0 100.0 ot
2768.0 19056.0 608.0 148.0 Airembly,
3472.0 19088.0 112.0 76.0 as
3644.0 19088.0 376.0 80.0 comes

1604.0 19196.0 452.0 152.0 "vuh.n
2164.0 19240.0 196.0 108.0 the
2424.0 19256.0 500.0 128.0 puiview
2996.0 19220.0 136.0 116.0 of
3200.0 19228.0 220.0 108.0 this
3488.0 19216.0 196.0 132.0 aft,
3752.0 19212.0 264.0 120.0 shall

1644.0 19396.0 200.0 132.0 be,
1916.0 19396.0 212.0 116.0 and
2184.0 19400.0 208.0 120.0 the
2480.0 19396.0 284.0 124.0 same
2832.0 19420.0 84.0 92.0 is
3012.0 19384.0 476.0 148.0 beieby,
1648.0 19376.0 2320.0 296.0 repealed.

4040.0 1528.0 192.0 132.0 An
4296.0 1528.0 472.0 132.0 Extract
4852.0 1524.0 316.0 140.0 fio-fl
5292.0 1516.0 740.0 148.0 Shcnflonc's
6100.0 1520.0 428.0 172.0 Effaye.

4528.0 1888.0 180.0 120.0 On
4768.0 1884.0 572.0 136.0 PO.L
5432.0 1888.0 396.0 120.0 ITI
5904.0 1884.0 92.0 116.0 C
6072.0 1888.0 108.0 136.0 S,
6316.0 1984.0 68.0 52.0 ,

4024.0 2188.0 948.0 280.0 PERHAPS
5036.0 2236.0 228.0 76.0 men
5328.0 2192.0 112.0 156.0 of
5500.0 2176.0 256.0 136.0 the'
5780.0 2180.0 252.0 152.0 most
6132.0 2180.0 336.0 160.0 differ

4400.0 2384.0 176.0 88.0 ent
4588.0 2360.0 284.0 152.0 sells
4908.0 2364.0 212.0 108.0 and
5156.0 2364.0 416.0 144.0 parties
5660.0 2392.0 244.0 108.0 very
5932.0 2348.0 532.0 156.0 frequent

4108.0 2524.0 108.0 144.0 ly
4288.0 2520.0 304.0 112.0 think
4708.0 2516.0 176.0 116.0 the
4916.0 2520.0 296.0 156.0 same
5244.0 2544.0 72.0 104.0 ;'
5388.0 2524.0 232.0 140.0 only
5680.0 2544.0 252.0 116.0 vaty
6020.0 2512.0 116.0 112.0 in
6224.0 2512.0 284.0 112.0 their

4100.0 2680.0 380.0 164.0 phrase
4604.0 2684.0 212.0 112.0 and
4940.0 2692.0 584.0 168.0 language.
5692.0 2688.0 176.0 120.0 At,
5984.0 2668.0 292.0 148.0 Itaft,
6408.0 2664.0 112.0 156.0 is

4112.0 2880.0 188.0 76.0 one
4436.0 2852.0 532.0 112.0 examines
5064.0 2832.0 16.0 32.0 '
5120.0 2840.0 288.0 124.0 their
5492.0 2832.0 256.0 156.0 first
5872.0 2836.0 624.0 152.0 principles,
6556.0 2832.0 24.0 44.0 '

4076.0 3008.0 400.0 136.0 .which
4560.0 3044.0 244.0 112.0 very
4880.0 3008.0 292.0 152.0 often
5284.0 3000.0 516.0 132.0 coincide,
5896.0 3004.0 92.0 108.0 it
6080.0 3032.0 272.0 80.0 weie
6440.0 3036.0 60.0 72.0 a

4100.0 3176.0 316.0 140.0 point
4468.0 3168.0 120.0 152.0 is
4616.0 3172.0 568.0 144.0 prudence,
5300.0 3208.0 108.0 72.0 as
5480.0 3168.0 240.0 108.0 well
5784.0 3196.0 116.0 76.0 as
5992.0 3156.0 508.0 140.0 candour,

4124.0 3364.0 104.0 84.0 to
4284.0 3328.0 464.0 156.0 conjider
4828.0 3336.0 176.0 112.0 the
5060.0 3324.0 204.0 152.0 rest
5364.0 3360.0 144.0 80.0 ar
5560.0 3324.0 456.0 148.0 nothing
6100.0 3356.0 276.0 76.0 more

4284.0 3500.0 96.0 112.0 A
4500.0 3500.0 580.0 112.0 courtier's
5212.0 3484.0 584.0 148.0 dependent
5904.0 3488.0 96.0 108.0 is
6092.0 3524.0 64.0 72.0 a
6252.0 3492.0 244.0 140.0 leg-

4108.0 3728.0 76.0 84.0 6
4552.0 3728.0 68.0 80.0 s
6192.0 3800.0 60.0 44.0 n

4240.0 3816.0 172.0 156.0 'Is
4416.0 3816.0 528.0 116.0 -national
5008.0 3812.0 588.0 148.0 reflections
5648.0 3840.0 180.0 84.0 are
5896.0 3812.0 400.0 144.0 unjttft,
6336.0 3816.0 120.0 108.0 be-

4120.0 3980.0 316.0 156.0 casfe
4500.0 3980.0 292.0 112.0 there
4848.0 4016.0 180.0 76.0 are
5056.0 3980.0 268.0 148.0 good
5384.0 4012.0 228.0 76.0 men
5676.0 3976.0 116.0 116.0 in
5872.0 3976.0 148.0 104.0 all
6080.0 3976.0 424.0 112.0 nations

4120.0 4180.0 184.0 80.0 are
4424.0 4172.0 176.0 88.0 not
4688.0 4148.0 476.0 108.0 national
5236.0 4176.0 272.0 84.0 wars
5596.0 4156.0 272.0 124.0 upon
5944.0 4136.0 320.0 116.0 much
6324.0 4136.0 176.0 116.0 the

4080.0 4304.0 304.0 160.0 same
4464.0 4300.0 548.0 160.0 footing?

4280.0 4472.0 100.0 116.0 A
4488.0 4488.0 688.0 132.0 government
5316.0 4424.0 168.0 148.0 it$
5556.0 4444.0 672.0 160.0 inexcusable
6308.0 4432.0 196.0 172.0 for

4120.0 4636.0 592.0 144.0 employing
4804.0 4620.0 400.0 156.0 foolifb
5312.0 4616.0 540.0 156.0 ministers
5900.0 4652.0 40.0 104.0 ;
6072.0 4584.0 428.0 172.0 because

4124.0 4796.0 244.0 144.0 they
4404.0 4832.0 228.0 108.0 may
4664.0 4796.0 492.0 108.0 examine
5216.0 4828.0 60.0 68.0 a
5340.0 4788.0 348.0 112.0 man's
5740.0 4776.0 304.0 128.0 head,
6088.0 4764.0 416.0 152.0 though

4128.0 4960.0 236.0 144.0 they
4468.0 4980.0 376.0 92.0 cannot
4944.0 4952.0 168.0 116.0 his
5216.0 4948.0 352.0 112.0 heart.

4288.0 5120.0 68.0 112.0 I
4376.0 5116.0 384.0 156.0 fanty,
4824.0 5116.0 180.0 116.0 the
5048.0 5140.0 380.0 124.0 proper
5484.0 5136.0 352.0 84.0 means
5908.0 5092.0 128.0 156.0 of
6080.0 5128.0 364.0 80.0 encrea

4096.0 5276.0 264.0 156.0 sing
4476.0 5280.0 176.0 116.0 the
4704.0 5288.0 220.0 116.0 love
4996.0 5312.0 100.0 84.0 to
5184.0 5312.0 196.0 76.0 our
5436.0 5268.0 364.0 116.0 native
5860.0 5284.0 480.0 116.0 country,
6408.0 5256.0 100.0 108.0 is

4128.0 5472.0 108.0 88.0 to
4320.0 5444.0 324.0 152.0 reside
4668.0 5440.0 292.0 156.0 some
5040.0 5448.0 264.0 108.0 time
5404.0 5440.0 116.0 108.0 in
5596.0 5472.0 64.0 68.0 a
5752.0 5424.0 432.0 144.0 foreign
6276.0 5452.0 220.0 76.0 one.

4300.0 5600.0 220.0 120.0 The
4608.0 5608.0 216.0 112.0 love
4896.0 5600.0 120.0 156.0 of
5060.0 5596.0 616.0 164.0 popularity
5740.0 5584.0 352.0 156.0 seems
6212.0 5584.0 292.0 112.0 little

4128.0 5768.0 196.0 160.0 else
4388.0 5768.0 260.0 116.0 than
4740.0 5764.0 176.0 120.0 the
5044.0 5768.0 228.0 116.0 love
5376.0 5756.0 120.0 156.0 of
5568.0 5760.0 316.0 144.0 being
6016.0 5740.0 484.0 128.0 beloved;

4128.0 5932.0 212.0 116.0 and
4428.0 5940.0 96.0 108.0 is
4616.0 5936.0 232.0 140.0 only
4932.0 5928.0 576.0 120.0 blameable
5596.0 5916.0 304.0 116.0 when
5988.0 5948.0 60.0 72.0 a
6136.0 5900.0 372.0 152.0 person

4132.0 6104.0 268.0 104.0 aims
4464.0 6124.0 112.0 120.0 as
4648.0 6096.0 176.0 116.0 the
4928.0 6092.0 556.0 156.0 affedions
5612.0 6076.0 120.0 156.0 of
5816.0 6120.0 64.0 68.0 a
5968.0 6072.0 352.0 148.0 people
6384.0 6068.0 128.0 140.0 by

4132.0 6296.0 356.0 76.0 means
4608.0 6268.0 112.0 104.0 in
4840.0 6284.0 636.0 120.0 appearance
5616.0 6228.0 392.0 156.0 honest,
6140.0 6240.0 188.0 104.0 but
6404.0 6232.0 108.0 108.0 in

4136.0 6420.0 292.0 116.0 their
4480.0 6424.0 196.0 112.0 end
4720.0 6428.0 604.0 140.0 pernicious
5404.0 6404.0 204.0 116.0 and
5676.0 6396.0 668.0 152.0 deftruttive.

4304.0 6588.0 340.0 124.0 There
4724.0 6588.0 372.0 152.0 ought,
5164.0 6616.0 124.0 80.0 no
5364.0 6576.0 364.0 128.0 doubt,
5796.0 6580.0 120.0 100.0 to
5976.0 6568.0 116.0 100.0 be
6160.0 6564.0 356.0 108.0 heroes

4136.0 6756.0 720.0 156.0 injoctety-as
4936.0 6752.0 240.0 116.0 well
5240.0 6784.0 108.0 84.0 as
5420.0 6728.0 536.0 132.0 butchers,
6028.0 6744.0 208.0 112.0 and
6288.0 6724.0 224.0 108.0 who

4132.0 6920.0 352.0 112.0 Knows
4572.0 6920.0 192.0 108.0 but
4892.0 6916.0 176.0 108.0 the
5160.0 6892.0 504.0 156.0 necejfuy
5772.0 6892.0 120.0 144.0 of
6000.0 6888.0 512.0 136.0 butchers

4200.0 7072.0 564.0 160.0 inflaming
4860.0 7088.0 208.0 100.0 and
5128.0 7060.0 708.0 168.0 Jlimtilating
5936.0 7044.0 176.0 124.0 the
6208.0 7068.0 260.0 156.0 pai

4132.0 7280.0 184.0 76.0 ons
4376.0 7244.0 272.0 116.0 with
4712.0 7248.0 396.0 108.0 animal
5180.0 7236.0 316.0 156.0 food)
5584.0 7240.0 352.0 160.0 might
6036.0 7288.0 116.0 80.0 at
6280.0 7228.0 224.0 152.0 hrfl

4136.0 7404.0 448.0 156.0 cccafion
4688.0 7408.0 176.0 112.0 the
4956.0 7396.0 484.0 160.0 neceffity
5524.0 7412.0 120.0 156.0 of
5716.0 7416.0 452.0 120.0 heroes?
6244.0 7416.0 216.0 112.0 But-

4128.0 7568.0 308.0 116.0 chers
4524.0 7576.0 68.0 112.0 I
4660.0 7576.0 388.0 112.0 believe
5176.0 7612.0 272.0 76.0 were
5524.0 7580.0 340.0 148.0 prior.

4304.0 7736.0 224.0 116.0 The
4628.0 7736.0 324.0 116.0 whole
5000.0 7728.0 396.0 164.0 system
5480.0 7740.0 120.0 152.0 of
5668.0 7780.0 64.0 72.0 a
5828.0 7748.0 416.0 140.0 courtly
6340.0 7728.0 116.0 124.0 be-

4140.0 7896.0 452.0 120.0 haviour
4652.0 7912.0 344.0 144.0 Jeems
5104.0 7900.0 504.0 120.0 included
5672.0 7912.0 108.0 108.0 in
5880.0 7912.0 172.0 116.0 the
6152.0 7936.0 352.0 116.0 power

4136.0 8076.0 120.0 144.0 of
4316.0 8072.0 436.0 144.0 making
4804.0 8076.0 440.0 136.0 general
5312.0 8064.0 388.0 156.0 savors
5752.0 8104.0 320.0 88.0 anear
6148.0 8064.0 300.0 152.0 parti-

4084.0 8240.0 360.0 144.0 cular
4536.0 8264.0 276.0 80.0 ones.

4296.0 8400.0 120.0 112.0 A
4484.0 8432.0 232.0 76.0 man
4796.0 8388.0 124.0 156.0 of
5004.0 8404.0 648.0 112.0 remaikable
5728.0 8408.0 460.0 152.0 genious
6272.0 8428.0 232.0 108.0 may

4132.0 8560.0 356.0 152.0 afford
4576.0 8588.0 104.0 84.0 to
4756.0 8556.0 240.0 156.0 pass
5088.0 8568.0 128.0 144.0 by
5280.0 8604.0 60.0 72.0 a
5412.0 8572.0 296.0 140.0 piece
5768.0 8568.0 124.0 156.0 of
5940.0 8572.0 236.0 116.0 wit,
6244.0 8556.0 112.0 152.0 is
6412.0 8584.0 92.0 84.0 it

4136.0 8728.0 464.0 144.0 happens
4676.0 8752.0 104.0 88.0 to
4864.0 8724.0 368.0 120.0 border
5312.0 8768.0 120.0 76.0 on
5500.0 8740.0 344.0 152.0 abuje.
6016.0 8736.0 116.0 104.0 A
6212.0 8728.0 296.0 108.0 little

4128.0 8896.0 400.0 140.0 genius
4644.0 8892.0 96.0 108.0 is
4828.0 8888.0 420.0 152.0 obliged
5364.0 8924.0 104.0 80.0 to
5556.0 8896.0 316.0 120.0 catch
5984.0 8920.0 116.0 92.0 at
6204.0 8924.0 308.0 108.0 every

4140.0 9056.0 552.0 148.0 witticijm
4772.0 9052.0 1000.0 160.0 indiscriminately,

4312.0 9216.0 464.0 116.0 Indolent
4808.0 9252.0 48.0 76.0 e
4952.0 9224.0 92.0 108.0 is
5132.0 9260.0 60.0 76.0 a
5308.0 9220.0 256.0 116.0 kind
5656.0 9224.0 124.0 156.0 of
5880.0 9216.0 640.0 156.0 centripetal

4108.0 9372.0 172.0 160.0 foi
4312.0 9420.0 148.0 76.0 ce.

4300.0 9552.0 120.0 112.0 It
4500.0 9540.0 348.0 160.0 seems
4940.0 9544.0 212.0 124.0 idle
5276.0 9572.0 100.0 92.0 to
5476.0 9556.0 212.0 112.0 rail
5784.0 9576.0 116.0 88.0 at
6016.0 9544.0 508.0 116.0 ambition

4136.0 9720.0 388.0 136.0 merely
4584.0 9704.0 424.0 160.0 because
5056.0 9716.0 96.0 112.0 it
5216.0 9716.0 96.0 108.0 is
5368.0 9708.0 636.0 160.0 abouniiefs
6060.0 9700.0 456.0 156.0 pajion:

4140.0 9908.0 116.0 76.0 or
4356.0 9872.0 372.0 116.0 rather
4784.0 9876.0 96.0 104.0 is
4964.0 9904.0 172.0 84.0 not
5232.0 9876.0 224.0 116.0 this
5536.0 9864.0 756.0 152.0 circumflance
6388.0 9900.0 136.0 76.0 an

4140.0 10064.0 572.0 120.0 argument
4792.0 10036.0 112.0 112.0 in
4996.0 10044.0 152.0 112.0 its
5204.0 10036.0 328.0 156.0 savor
5560.0 10052.0 60.0 112.0 ?
5704.0 10040.0 128.0 156.0 Is
5904.0 10072.0 180.0 80.0 one
6176.0 10036.0 348.0 104.0 would

4140.0 10208.0 120.0 104.0 be
4352.0 10200.0 528.0 144.0 employed
4984.0 10240.0 112.0 76.0 or
5208.0 10212.0 424.0 152.0 amiijed
5720.0 10192.0 476.0 156.0 through
6276.0 10192.0 232.0 152.0 life,

4124.0 10356.0 380.0 156.0 fbould
4584.0 10396.0 148.0 76.0 we
4820.0 10392.0 180.0 88.0 not
5088.0 10372.0 292.0 112.0 make
5472.0 10372.0 352.0 112.0 choice
5888.0 10364.0 124.0 148.0 of
6080.0 10400.0 60.0 72.0 a
6236.0 10356.0 260.0 156.0 pajj-

4140.0 10532.0 168.0 108.0 ion
4372.0 10524.0 244.0 116.0 that
4676.0 10532.0 232.0 112.0 will
4992.0 10528.0 244.0 148.0 keep
5312.0 10568.0 184.0 76.0 one
5552.0 10544.0 252.0 140.0 long
5884.0 10536.0 112.0 108.0 in
6052.0 10528.0 280.0 144.0 play.

4296.0 10688.0 124.0 104.0 A
4456.0 10704.0 596.0 132.0 Jportjmart
5140.0 10692.0 124.0 136.0 of
5340.0 10700.0 472.0 132.0 vivacity
5892.0 10696.0 228.0 108.0 will
6228.0 10688.0 284.0 104.0 male

4136.0 10840.0 376.0 112.0 chuice
4572.0 10832.0 124.0 156.0 of
4780.0 10844.0 240.0 112.0 that
5100.0 10884.0 316.0 108.0 game
5556.0 10852.0 352.0 112.0 which
6000.0 10844.0 228.0 116.0 will
6280.0 10872.0 184.0 116.0 pro-

4136.0 11004.0 252.0 148.0 long
4456.0 11004.0 168.0 112.0 his
4724.0 11000.0 556.0 152.0 diversion.
5456.0 11016.0 116.0 108.0 A
5640.0 11016.0 220.0 144.0 sox
5956.0 11012.0 244.0 112.0 that
6280.0 11012.0 232.0 108.0 will

4104.0 11160.0 708.0 152.0 fupporfthe
4888.0 11168.0 312.0 116.0 cltacc
5312.0 11176.0 184.0 108.0 till
5588.0 11176.0 360.0 148.0 night,
6020.0 11184.0 96.0 100.0 is
6168.0 11172.0 344.0 112.0 bitter

4132.0 11364.0 312.0 116.0 game
4480.0 11348.0 256.0 92.0 titan
4784.0 11368.0 60.0 68.0 a
4880.0 11336.0 400.0 136.0 rabbit,
5320.0 11336.0 236.0 112.0 that
5624.0 11348.0 224.0 104.0 will
5924.0 11360.0 184.0 92.0 not
6160.0 11328.0 348.0 156.0 affoid

4136.0 11496.0 220.0 112.0 him
4448.0 11488.0 244.0 148.0 half
4784.0 11528.0 136.0 76.0 an
4996.0 11496.0 320.0 108.0 hours
5388.0 11504.0 880.0 108.0 entertainment.

4140.0 11748.0 28.0 28.0 .
4308.0 11664.0 64.0 100.0 1
4468.0 11688.0 712.0 132.0 &iMfiiion
5280.0 11664.0 88.0 136.0 f
5424.0 11664.0 392.0 112.0 l'rtnce
5896.0 11664.0 220.0 112.0 Hal
6192.0 11688.0 100.0 84.0 to
6324.0 11664.0 180.0 108.0 the

4136.0 11800.0 968.0 152.0 ciii'iySSuMkve
5212.0 11828.0 236.0 108.0 that
5532.0 11824.0 608.0 116.0 committed
6236.0 11828.0 260.0 124.0 him,

4140.0 12008.0 224.0 100.0 Ktt
4488.0 11956.0 700.0 200.0 til&Bj&l&'his
5276.0 11988.0 316.0 108.0 li'inor
5708.0 11988.0 256.0 116.0 than
6076.0 11996.0 148.0 104.0 all
6324.0 11992.0 176.0 108.0 the

4148.0 12136.0 1112.0 156.0 conqiteJltHenry
5308.0 12148.0 172.0 112.0 the
5544.0 12152.0 304.0 152.0 Fifth
5908.0 12188.0 108.0 76.0 m
6056.0 12152.0 444.0 116.0 France.

4308.0 12304.0 228.0 120.0 The
4600.0 12296.0 268.0 152.0 most
4952.0 12312.0 536.0 112.0 animated
5544.0 12324.0 344.0 144.0 Jocial
5976.0 12328.0 520.0 144.0 pleajure,

4144.0 12472.0 236.0 112.0 that
4512.0 12468.0 872.0 140.0 Icalicmiccivc,
5476.0 12516.0 228.0 112.0 may
5796.0 12492.0 120.0 104.0 be
5996.0 12480.0 504.0 144.0 perhaps,

4104.0 12632.0 240.0 156.0 felt
4452.0 12640.0 124.0 144.0 by
4664.0 12672.0 64.0 72.0 a
4812.0 12640.0 440.0 148.0 general
5372.0 12640.0 288.0 140.0 aster
5776.0 12688.0 60.0 68.0 a
5904.0 12644.0 600.0 156.0 fuccejsful

4140.0 12824.0 736.0 128.0 engagement,
4952.0 12832.0 112.0 76.0 or
5128.0 12800.0 112.0 112.0 in
5300.0 12808.0 88.0 112.0 it
5424.0 12840.0 36.0 100.0 ;
5564.0 12804.0 60.0 112.0 I
5704.0 12844.0 292.0 80.0 m$.in
6084.0 12804.0 428.0 152.0 byjuch

4140.0 12964.0 704.0 112.0 commanders
4984.0 12996.0 120.0 76.0 as
5220.0 12964.0 256.0 112.0 have
5564.0 12980.0 316.0 144.0 Jouls
5996.0 12976.0 308.0 140.0 equal
6400.0 12992.0 108.0 84.0 to

4140.0 13128.0 288.0 112.0 their
4488.0 13128.0 652.0 140.0 occupation.
5316.0 13128.0 260.0 112.0 This
5636.0 13148.0 468.0 100.0 however
6172.0 13148.0 348.0 140.0 Jeems

4128.0 13288.0 704.0 148.0 pnradoxical
4920.0 13288.0 208.0 116.0 and
5236.0 13332.0 476.0 112.0 requires
5776.0 13308.0 288.0 144.0 Jome
6148.0 13296.0 316.0 144.0 expla-

4136.0 13460.0 412.0 112.0 nation.
4304.0 13604.0 608.0 164.0 Resistance
5044.0 13644.0 104.0 92.0 to
5244.0 13616.0 176.0 120.0 the
5508.0 13624.0 520.0 156.0 reigning
6116.0 13648.0 408.0 124.0 powers

4148.0 13780.0 104.0 112.0 is
4320.0 13772.0 632.0 160.0 justifiable,
5060.0 13808.0 268.0 124.0 upon
5420.0 13828.0 64.0 72.0 a
5620.0 13792.0 576.0 112.0 conviction
6280.0 13784.0 240.0 112.0 that

4152.0 13944.0 288.0 116.0 their
4492.0 13972.0 684.0 124.0 government
5320.0 13952.0 96.0 112.0 is
5496.0 13944.0 664.0 156.0 inconftftent
6252.0 13944.0 272.0 120.0 with

4152.0 14108.0 184.0 116.0 the
4404.0 14112.0 268.0 148.0 good
4784.0 14108.0 124.0 148.0 of
4976.0 14108.0 176.0 116.0 the
5184.0 14108.0 408.0 164.0 fubjeB
5636.0 14148.0 40.0 104.0 ;
5756.0 14116.0 236.0 112.0 that
6092.0 14152.0 188.0 72.0 our
6364.0 14112.0 116.0 108.0 in-

4152.0 14276.0 608.0 160.0 terpojnion
4876.0 14272.0 304.0 120.0 tends
5320.0 14308.0 104.0 96.0 to
5564.0 14272.0 488.0 152.0 eftablifb
6096.0 14308.0 44.0 20.0 '
6184.0 14280.0 348.0 108.0 better

4148.0 14440.0 608.0 152.0 measures;
4836.0 14436.0 208.0 116.0 and
5152.0 14440.0 220.0 112.0 this
5452.0 14440.0 456.0 116.0 without
5996.0 14480.0 64.0 72.0 a
6160.0 14440.0 320.0 144.0 proba-

4156.0 14608.0 320.0 144.0 bility
4592.0 14604.0 120.0 156.0 of
4804.0 14592.0 660.0 164.0 occasioning
5580.0 14608.0 268.0 108.0 evils
5956.0 14604.0 256.0 116.0 that
6300.0 14636.0 236.0 108.0 may

4156.0 14784.0 240.0 104.0 ovir
4456.0 14780.0 428.0 108.0 balance
5000.0 14760.0 320.0 120.0 them.
5492.0 14764.0 224.0 120.0 But
5832.0 14772.0 272.0 148.0 thtje
6212.0 14756.0 272.0 156.0 conft-

4160.0 14928.0 544.0 124.0 derations
4780.0 14920.0 276.0 152.0 must
5116.0 14964.0 312.0 76.0 never
5524.0 14936.0 116.0 108.0 be
5684.0 14924.0 572.0 168.0 Jeparated

4320.0 15104.0 384.0 144.0 People
4784.0 15128.0 216.0 96.0 ate,
5116.0 15096.0 544.0 140.0 perhaps,'
5732.0 15132.0 276.0 84.0 more
6120.0 15092.0 428.0 116.0 vicious

4156.0 15288.0 120.0 108.0 in
4360.0 15292.0 376.0 104.0 towns,
4852.0 15248.0 420.0 160.0 because
5348.0 15256.0 244.0 148.0 they
5656.0 15268.0 252.0 116.0 have
5948.0 15256.0 344.0 156.0 fewet
6360.0 15272.0 180.0 100.0 tie"

4168.0 15436.0 336.0 124.0 turall
4576.0 15424.0 380.0 156.0 objeBs
5028.0 15420.0 296.0 112.0 there
5400.0 15452.0 100.0 84.0 to
5584.0 15440.0 384.0 140.0 employ
6060.0 15416.0 288.0 120.0 their
6376.0 15448.0 112.0 88.0 at

4176.0 15600.0 408.0 124.0 tention
4700.0 15624.0 216.0 76.0 -or
5044.0 15584.0 712.0 148.0 admiration;
5844.0 15592.0 460.0 140.0 likewije
6388.0 15592.0 116.0 104.0 be

4168.0 15756.0 300.0 156.0 cause
4604.0 15792.0 184.0 80.0 one
4896.0 15748.0 408.0 116.0 vicious
5396.0 15756.0 536.0 116.0 charaBer
6056.0 15748.0 300.0 112.0 tends
6448.0 15772.0 104.0 88.0 to

4172.0 15952.0 596.0 120.0 encturage
4860.0 15904.0 204.0 120.0 and
5160.0 15916.0 240.0 136.0 keep
5520.0 15920.0 440.0 112.0 another
6048.0 15924.0 112.0 100.0 in
6244.0 15944.0 264.0 76.0 coun-

4180.0 16116.0 436.0 92.0 tenance
4828.0 16072.0 520.0 116.0 However
5468.0 16076.0 92.0 108.0 it
5688.0 16088.0 148.0 112.0 be.
5964.0 16072.0 588.0 148.0 excluding

4176.0 16244.0 596.0 124.0 accidental
4868.0 16224.0 848.0 156.0 circumstances,
5804.0 16244.0 72.0 112.0 I
5928.0 16244.0 384.0 108.0 believe
6380.0 16232.0 176.0 112.0 the

4176.0 16400.0 400.0 164.0 largest
4640.0 16404.0 332.0 124.0 cities
5064.0 16432.0 180.0 80.0 are
5344.0 16396.0 176.0 116.0 the
5596.0 16400.0 252.0 152.0 most
5964.0 16404.0 412.0 112.0 vicious
6448.0 16396.0 136.0 156.0 of

4176.0 16580.0 160.0 112.0 all
4364.0 16572.0 384.0 112.0 others.

4344.0 16740.0 272.0 112.0 Law
4720.0 16724.0 220.0 116.0 'are
5008.0 16720.0 552.0 156.0 generally
5584.0 16724.0 364.0 156.0 sound
6016.0 16756.0 96.0 84.0 to
6180.0 16732.0 120.0 108.0 be
6328.0 16756.0 240.0 84.0 nets

4184.0 16900.0 124.0 152.0 of
4312.0 16900.0 288.0 156.0 such
4656.0 16940.0 64.0 68.0 a
4804.0 16920.0 484.0 100.0 texture,
5384.0 16924.0 120.0 72.0 as
5600.0 16892.0 176.0 116.0 the
5852.0 16896.0 292.0 112.0 little
6264.0 16924.0 292.0 112.0 creep

4188.0 17056.0 516.0 152.0 through,
4776.0 17056.0 176.0 112.0 the
5004.0 17072.0 316.0 128.0 great
5380.0 17052.0 308.0 112.0 break
5784.0 17048.0 504.0 152.0 througli,
6352.0 17040.0 220.0 124.0 and

4192.0 17228.0 180.0 112.0 the
4460.0 17224.0 380.0 108.0 middle
4872.0 17208.0 316.0 160.0 Jized
5272.0 17244.0 176.0 80.0 are
5568.0 17220.0 296.0 112.0 alone
5980.0 17212.0 580.0 156.0 entangled

4188.0 17392.0 112.0 112.0 in
4392.0 17392.0 128.0 108.0 it.

4376.0 17692.0 460.0 156.0 Though
4908.0 17692.0 72.0 112.0 I
5048.0 17688.0 256.0 116.0 have
5356.0 17724.0 132.0 80.0 no
5516.0 17688.0 244.0 152.0 sort
5844.0 17688.0 124.0 156.0 of
6008.0 17696.0 516.0 116.0 inclinati

4192.0 17900.0 120.0 72.0 on
4392.0 17892.0 104.0 84.0 to
4576.0 17860.0 532.0 116.0 vindicate
5200.0 17852.0 176.0 112.0 the
5468.0 17860.0 216.0 104.0 late
5784.0 17864.0 544.0 124.0 rebellian,
6388.0 17904.0 200.0 104.0 ye.

4100.0 18052.0 40.0 28.0 "
4320.0 18064.0 164.0 72.0 am
4564.0 18024.0 168.0 112.0 led
4824.0 18040.0 124.0 124.0 by
5044.0 18016.0 384.0 112.0 candor
5512.0 18044.0 100.0 84.0 to
5696.0 18020.0 292.0 108.0 make
6068.0 18028.0 284.0 144.0 Jome
6388.0 18028.0 124.0 108.0 di-

4164.0 18180.0 512.0 152.0 ftinQion
4764.0 18188.0 456.0 108.0 between
5288.0 18176.0 176.0 112.0 the
5564.0 18180.0 640.0 148.0 immorality
6264.0 18184.0 124.0 108.0 of
6416.0 18196.0 164.0 104.0 its

4192.0 18360.0 496.0 112.0 abettors,
4816.0 18344.0 208.0 108.0 and
5084.0 18340.0 176.0 112.0 the
5324.0 18344.0 496.0 144.0 illegaity
5892.0 18340.0 120.0 152.0 of
6064.0 18344.0 284.0 116.0 their
6408.0 18344.0 120.0 132.0 of-

4164.0 18508.0 368.0 156.0 fence.
4704.0 18504.0 204.0 144.0 My
5032.0 18500.0 228.0 112.0 lord
5352.0 18500.0 636.0 140.0 Hardwick,
6152.0 18512.0 116.0 108.0 in
6392.0 18512.0 176.0 112.0 his

4192.0 18672.0 780.0 112.0 condemnation
5084.0 18656.0 436.0 160.0 jpeech,
5664.0 18672.0 492.0 132.0 remarks,
6296.0 18676.0 268.0 112.0 with

4188.0 18860.0 320.0 124.0 great
4584.0 18832.0 580.0 144.0 propriety,
5264.0 18820.0 236.0 112.0 that
5592.0 18824.0 172.0 112.0 the
5852.0 18836.0 260.0 108.0 laws
6188.0 18832.0 120.0 156.0 of
6412.0 18840.0 152.0 112.0 all

4196.0 19020.0 420.0 84.0 nitions
4712.0 18988.0 260.0 112.0 have
5056.0 18980.0 536.0 156.0 adjudged
5680.0 18996.0 496.0 116.0 rebellion
6252.0 19028.0 104.0 84.0 to
6444.0 19012.0 120.0 104.0 be

4196.0 19156.0 176.0 112.0 the
4440.0 19196.0 92.0 76.0 w
4544.0 19196.0 108.0 68.0 or
4636.0 19148.0 108.0 152.0 ft
4840.0 19148.0 116.0 152.0 of
5008.0 19152.0 412.0 104.0 crimes.
5592.0 19148.0 252.0 112.0 And
5952.0 19160.0 116.0 112.0 in
6176.0 19164.0 392.0 148.0 regaid

4196.0 19344.0 100.0 88.0 to
4396.0 19324.0 256.0 108.0 civil
4688.0 19312.0 544.0 152.0 societies,
5332.0 19304.0 68.0 108.0 I
5492.0 19308.0 388.0 116.0 beleive
5976.0 19320.0 292.0 112.0 there
6384.0 19360.0 180.0 80.0 are

4184.0 19516.0 260.0 80.0 nane
4552.0 19492.0 192.0 100.0 but
4836.0 19476.0 232.0 108.0 mad
5196.0 19500.0 228.0 80.0 men
5556.0 19476.0 224.0 108.0 will
5852.0 19480.0 460.0 152.0 -dijpute
6424.0 19496.0 140.0 136.0 it,

4188.0 19640.0 640.0 156.0 Eutjurety
4904.0 19632.0 268.0 116.0 with
5264.0 19628.0 388.0 148.0 regard
5728.0 19660.0 104.0 88.0 to
5936.0 19652.0 584.0 144.0 coujeience

4188.0 19840.0 544.0 84.0 erroneous
4800.0 19796.0 644.0 172.0 judgments
5540.0 19796.0 220.0 120.0 and
5848.0 19804.0 124.0 120.0 ill
6012.0 19812.0 564.0 152.0 grounded

6684.0 1516.0 684.0 192.0 gtnv'tcltons
7448.0 1560.0 232.0 128.0 any
7756.0 1524.0 380.0 128.0 render
8204.0 1532.0 92.0 124.0 it
8344.0 1528.0 292.0 176.0 some
8692.0 1544.0 416.0 148.0 peoples

6716.0 1724.0 308.0 120.0 auty.
7188.0 1696.0 192.0 116.0 Sin
7440.0 1700.0 236.0 116.0 does
7716.0 1732.0 176.0 88.0 not
7952.0 1696.0 364.0 156.0 conftft
8404.0 1716.0 108.0 104.0 in
8548.0 1756.0 60.0 72.0 a
8644.0 1708.0 412.0 116.0 deviati-

6720.0 1892.0 124.0 84.0 on
6892.0 1836.0 304.0 176.0 from
7260.0 1864.0 476.0 136.0 nefeived
7844.0 1876.0 476.0 136.0 opinion;
8440.0 1868.0 412.0 120.0 itdoes
8920.0 1892.0 180.0 92.0 not

6712.0 2024.0 412.0 144.0 depend,
7204.0 2052.0 272.0 120.0 upon
7604.0 2028.0 172.0 116.0 the
7888.0 2024.0 888.0 156.0 understanding,
8904.0 2040.0 196.0 108.0 but

6716.0 2184.0 176.0 124.0 the
7024.0 2188.0 268.0 112.0 Will.
7464.0 2192.0 332.0 140.0 Now,
7876.0 2184.0 36.0 24.0 "
7956.0 2160.0 112.0 188.0 is
8144.0 2200.0 88.0 108.0 it
8320.0 2224.0 436.0 120.0 appears
8852.0 2196.0 240.0 112.0 that-

6712.0 2380.0 68.0 76.0 a
6876.0 2384.0 300.0 80.0 mans
7264.0 2356.0 416.0 140.0 opinion
7764.0 2356.0 196.0 108.0 has
8044.0 2352.0 532.0 152.0 happened
8664.0 2384.0 104.0 88.0 to
8856.0 2352.0 220.0 156.0 mif-

6696.0 2492.0 304.0 160.0 pace
7068.0 2508.0 172.0 116.0 his
7264.0 2512.0 264.0 152.0 duty
7568.0 2548.0 36.0 104.0 ;
7672.0 2520.0 208.0 108.0 and
7944.0 2520.0 172.0 108.0 his
8172.0 2524.0 416.0 140.0 opinion
8648.0 2520.0 196.0 112.0 has
8904.0 2536.0 180.0 92.0 not

6708.0 2676.0 248.0 104.0 been
7020.0 2680.0 352.0 148.0 owing
7432.0 2708.0 104.0 84.0 to
7604.0 2716.0 200.0 108.0 any
7860.0 2684.0 412.0 112.0 vicious
8368.0 2684.0 332.0 152.0 deftre
8764.0 2688.0 132.0 148.0 of
8916.0 2684.0 112.0 108.0 in-

6724.0 2832.0 464.0 156.0 dulging
7328.0 2844.0 172.0 108.0 his
7600.0 2844.0 360.0 144.0 appiti
8020.0 2884.0 196.0 76.0 es-
8324.0 2848.0 132.0 112.0 In
8544.0 2844.0 340.0 156.0 fbort,
8984.0 2836.0 116.0 156.0 is

6704.0 2988.0 172.0 112.0 his
6940.0 3032.0 224.0 80.0 own
7228.0 3036.0 388.0 120.0 reajon,
7696.0 3008.0 320.0 108.0 liable
8096.0 3036.0 104.0 88.0 to
8240.0 3048.0 272.0 96.0 -err,
8600.0 3012.0 256.0 112.0 have
8928.0 3008.0 108.0 116.0 bi-

6700.0 3160.0 288.0 148.0 ajjed
7060.0 3160.0 168.0 112.0 his
7292.0 3176.0 224.0 104.0 wtii
7556.0 3200.0 44.0 104.0 ;
7688.0 3172.0 368.0 108.0 rather
8112.0 3172.0 260.0 112.0 than
8432.0 3176.0 172.0 112.0 his
8664.0 3176.0 232.0 104.0 will
8972.0 3204.0 60.0 72.0 fi-

6696.0 3352.0 132.0 108.0 tly
6940.0 3356.0 224.0 112.0 way
7260.0 3336.0 680.0 108.0 contributed
8060.0 3364.0 104.0 84.0 to
8280.0 3340.0 232.0 112.0 bias
8620.0 3332.0 208.0 116.0 and
8908.0 3328.0 176.0 112.0 de.

6680.0 3504.0 332.0 120.0 prave
7072.0 3484.0 164.0 112.0 hit
7296.0 3516.0 384.0 128.0 reajon,
7800.0 3492.0 124.0 112.0 he
7988.0 3500.0 272.0 132.0 will,
8340.0 3500.0 500.0 144.0 perhape,
8900.0 3516.0 124.0 116.0 ap-

6684.0 3664.0 260.0 120.0 pear
6992.0 3652.0 372.0 148.0 guilty
7396.0 3668.0 344.0 140.0 bejo'e
7804.0 3692.0 292.0 104.0 none,
8164.0 3664.0 496.0 148.0 befidean
8720.0 3648.0 308.0 124.0 earth-

6696.0 3820.0 104.0 132.0 ly
6868.0 3812.0 528.0 116.0 tribunal.

6848.0 3980.0 120.0 100.0 A
7032.0 3996.0 364.0 136.0 perjon
7440.0 4016.0 52.0 76.0 s
7584.0 3980.0 312.0 160.0 right
8000.0 4004.0 104.0 92.0 to
8196.0 3972.0 328.0 164.0 resift,
8568.0 3980.0 68.0 112.0 d
8700.0 3972.0 380.0 160.0 epends

6696.0 4156.0 268.0 116.0 upon
7088.0 4172.0 64.0 72.0 a
7272.0 4144.0 612.0 140.0 conviction,
8032.0 4148.0 240.0 112.0 that
8368.0 4152.0 176.0 112.0 the
8632.0 4176.0 396.0 120.0 govern-

6692.0 4320.0 284.0 88.0 ment
7044.0 4300.0 100.0 108.0 is
7204.0 4304.0 124.0 112.0 ill
7412.0 4304.0 572.0 152.0 managed;
8064.0 4324.0 232.0 96.0 thai
8396.0 4316.0 344.0 108.0 others
8820.0 4304.0 260.0 116.0 have

6692.0 4488.0 272.0 80.0 more
7004.0 4464.0 312.0 112.0 claim
7364.0 4492.0 584.0 128.0 tdmanage
8012.0 4476.0 128.0 148.0 it,
8192.0 4512.0 88.0 76.0 01
8336.0 4484.0 228.0 104.0 will
8620.0 4468.0 408.0 116.0 aamini-

6668.0 4604.0 352.0 152.0 Jierit
7076.0 4628.0 336.0 120.0 better
7452.0 4672.0 64.0 100.0 ;,
7564.0 4636.0 232.0 112.0 that
7868.0 4636.0 156.0 152.0 he,
8092.0 4644.0 124.0 144.0 by
8256.0 4632.0 820.0 156.0 hisreftjlance,

6696.0 4812.0 192.0 76.0 can
6948.0 4788.0 548.0 120.0 intioauce
7544.0 4836.0 64.0 72.0 a
7668.0 4800.0 404.0 152.0 chmge
8112.0 4832.0 104.0 88.0 to
8256.0 4808.0 144.0 108.0 its
8432.0 4800.0 640.0 144.0 advantage,

6688.0 4940.0 212.0 112.0 and
6984.0 4948.0 224.0 116.0 this
7292.0 4960.0 456.0 116.0 without
7832.0 5000.0 196.0 112.0 any
8112.0 4964.0 780.0 148.0 consequential
8984.0 4988.0 56.0 76.0 e-

6692.0 5108.0 216.0 108.0 vils
6964.0 5108.0 240.0 120.0 that
7288.0 5128.0 228.0 104.0 wilt
7572.0 5128.0 244.0 104.0 bear
7856.0 5140.0 592.0 92.0 brotii,rtion
8496.0 5160.0 112.0 72.0 la
8648.0 5128.0 176.0 104.0 the
8856.0 5112.0 228.0 120.0 said

6692.0 5272.0 628.0 120.0 advantage.

6772.0 5272.0 52.0 48.0 J
7040.0 5304.0 32.0 16.0 .
8820.0 5256.0 104.0 60.0 "-r

6852.0 5456.0 520.0 128.0 Whether
7424.0 5476.0 224.0 112.0 this
7720.0 5516.0 268.0 80.0 were
8024.0 5512.0 176.0 88.0 not
8272.0 5488.0 112.0 108.0 in
8444.0 5496.0 640.0 128.0 appearance

6704.0 5616.0 176.0 116.0 the
6944.0 5624.0 216.0 156.0 case
7260.0 5632.0 120.0 152.0 of
7444.0 5636.0 644.0 148.0 Bulme'ino,
8164.0 5648.0 64.0 108.0 I
8304.0 5648.0 228.0 104.0 will
8608.0 5664.0 172.0 84.0 hot
8840.0 5652.0 188.0 120.0 pre

6668.0 5776.0 304.0 160.0 fume
7072.0 5812.0 104.0 88.0 to
7240.0 5808.0 200.0 144.0 Jay
7488.0 5844.0 28.0 80.0 ;
7608.0 5804.0 228.0 112.0 how
7924.0 5804.0 588.0 128.0 conceived,
8616.0 5836.0 112.0 72.0 or
8784.0 5768.0 300.0 176.0 from

6708.0 5992.0 284.0 68.0 ivnai
7064.0 5992.0 932.0 128.0 aeiuj-.onjprung.
8128.0 6052.0 24.0 32.0 .
8180.0 5992.0 264.0 112.0 liut,
8488.0 5992.0 196.0 84.0 as.l
8732.0 5992.0 348.0 92.0 tmnic,

6708.0 6108.0 120.0 108.0 he
6912.0 6148.0 204.0 80.0 was
7212.0 6132.0 440.0 136.0 reputed
7732.0 6168.0 132.0 76.0 an
7956.0 6124.0 344.0 152.0 honest
8408.0 6168.0 284.0 92.0 man,
8820.0 6124.0 112.0 104.0 in
8992.0 6148.0 96.0 72.0 o.

6708.0 6272.0 236.0 108.0 titer
7020.0 6288.0 472.0 140.0 rejpefl,,
7592.0 6328.0 180.0 76.0 one
7800.0 6332.0 256.0 112.0 .-nay
8076.0 6284.0 328.0 168.0 guess
8468.0 6276.0 624.0 128.0 hisbehavi-

6708.0 6464.0 184.0 76.0 our
6964.0 6476.0 200.0 72.0 win
7240.0 6452.0 360.0 112.0 rather
7692.0 6464.0 348.0 148.0 owing
8128.0 6484.0 104.0 88.0 to
8308.0 6456.0 176.0 112.0 the
8552.0 6456.0 540.0 148.0 mijreprc-

6668.0 6608.0 600.0 136.0 jentadons
7348.0 6612.0 132.0 148.0 of
7496.0 6612.0 168.0 112.0 his
7728.0 6652.0 388.0 120.0 reajon,
8188.0 6620.0 260.0 112.0 than
8520.0 6644.0 104.0 80.0 to
8684.0 6612.0 408.0 144.0 anyde-

6688.0 6788.0 484.0 120.0 pravtty,
7284.0 6796.0 744.0 144.0 perverjenejs,
8120.0 6820.0 112.0 76.0 or
8364.0 6776.0 732.0 152.0 diftngenuuy

6692.0 6936.0 112.0 136.0 of
6900.0 6928.0 164.0 108.0 his
7208.0 6948.0 272.0 104.0 will.
8144.0 7004.0 20.0 52.0 ,

6700.0 7248.0 184.0 120.0 On
6924.0 7256.0 776.0 156.0 Diflinctions,
7764.0 7272.0 432.0 128.0 Orders
8236.0 7280.0 208.0 120.0 and
8488.0 7288.0 604.0 152.0 Dignities-

6860.0 7564.0 664.0 172.0 ThefubjeS
7628.0 7596.0 392.0 112.0 turned
8104.0 7624.0 268.0 124.0 upon
8448.0 7612.0 176.0 116.0 the
8712.0 7640.0 388.0 88.0 nature

6688.0 7720.0 688.0 164.0 ofjocteties,
7440.0 7764.0 360.0 128.0 ranks,
7860.0 7760.0 396.0 140.0 orders,
8332.0 7776.0 208.0 112.0 and
8604.0 7764.0 444.0 156.0 difttvic

6692.0 7920.0 284.0 88.0 tions
7004.0 7940.0 360.0 124.0 among
7384.0 7908.0 92.0 152.0 jl
7548.0 7956.0 268.0 76.0 men.

6836.0 8060.0 120.0 108.0 A
7004.0 8096.0 608.0 120.0 gentleman
7648.0 8076.0 528.0 156.0 offpirit,
8304.0 8096.0 212.0 116.0 and
8540.0 8100.0 124.0 156.0 of
8696.0 8100.0 212.0 144.0 the,
8924.0 8128.0 128.0 124.0 po-

6672.0 8228.0 332.0 140.0 pular
7096.0 8232.0 468.0 156.0 fatlion,
7656.0 8244.0 208.0 116.0 had
7928.0 8252.0 248.0 116.0 been
8228.0 8256.0 248.0 152.0 long
8612.0 8268.0 436.0 112.0 declaim-

6688.0 8420.0 196.0 140.0 ing
6952.0 8396.0 424.0 160.0 against
7444.0 8456.0 200.0 104.0 any
7776.0 8408.0 260.0 120.0 kind
8128.0 8416.0 120.0 148.0 of
8360.0 8420.0 372.0 128.0 honors
8856.0 8428.0 244.0 120.0 that

6688.0 8568.0 384.0 124.0 tended
7152.0 8592.0 100.0 88.0 to
7312.0 8580.0 396.0 112.0 elevate
7768.0 8612.0 60.0 68.0 a
7900.0 8580.0 260.0 148.0 body
8240.0 8588.0 132.0 152.0 as
8436.0 8600.0 352.0 144.0 people
8876.0 8604.0 220.0 104.0 into

6688.0 8780.0 64.0 72.0 a
6828.0 8720.0 424.0 156.0 diftinQ
7284.0 8740.0 96.0 156.0 f
7360.0 8748.0 348.0 140.0 pedes
7748.0 8740.0 288.0 156.0 from
8116.0 8748.0 184.0 116.0 the
8392.0 8756.0 204.0 152.0 rest
8720.0 8756.0 116.0 160.0 of
8920.0 8760.0 176.0 116.0 the

6692.0 8904.0 452.0 116.0 nations-
7396.0 8908.0 740.0 156.0 Particularly
8308.0 8928.0 312.0 108.0 titles
8892.0 8924.0 212.0 120.0 and

6692.0 9076.0 244.0 104.0 blue
6976.0 9064.0 500.0 124.0 ribbands
7560.0 9112.0 272.0 76.0 were
7904.0 9080.0 176.0 116.0 the
8140.0 9084.0 508.0 156.0 objefl.of
8688.0 9088.0 168.0 116.0 his
8936.0 9096.0 108.0 108.0 in

6692.0 9228.0 604.0 156.0 dignation.
7480.0 9236.0 284.0 136.0 They
7832.0 9280.0 272.0 80.0 weie
8172.0 9288.0 116.0 80.0 as
8356.0 9252.0 120.0 112.0 he
8524.0 9252.0 576.0 140.0 pretended

6700.0 9428.0 160.0 88.0 too
6900.0 9400.0 540.0 120.0 invidious
7468.0 9448.0 136.0 72.0 an
7640.0 9400.0 628.0 156.0 ostentation
8328.0 9412.0 768.0 156.0 ofj'uperiority

6700.0 9592.0 104.0 84.0 to
6868.0 9568.0 120.0 108.0 be
7044.0 9568.0 396.0 112.0 atowed
7520.0 9572.0 108.0 108.0 in
7708.0 9608.0 200.0 108.0 a'iy
8004.0 9580.0 368.0 108.0 nation
8436.0 9576.0 240.0 116.0 that
8760.0 9572.0 340.0 152.0 ftiled

6700.0 9720.0 316.0 164.0 itjelf
7064.0 9724.0 292.0 156.0 free.
7528.0 9732.0 356.0 112.0 Much
7952.0 9772.0 216.0 76.0 was
8216.0 9736.0 260.0 160.0 said
8548.0 9768.0 268.0 120.0 upon
8912.0 9740.0 180.0 116.0 the

6664.0 9888.0 428.0 160.0 Jubjeit
7200.0 9888.0 120.0 152.0 of
7384.0 9916.0 668.0 124.0 appearance,
8120.0 9900.0 128.0 156.0 so
8316.0 9896.0 204.0 152.0 far
8604.0 9940.0 120.0 72.0 as
8848.0 9904.0 244.0 148.0 they

6700.0 10088.0 268.0 80.0 were
7088.0 10056.0 784.0 116.0 countenanced
7932.0 10064.0 128.0 144.0 by
8136.0 10072.0 208.0 108.0 law
8456.0 10104.0 112.0 68.0 or
8660.0 10056.0 424.0 156.0 custom.

6708.0 10212.0 220.0 116.0 The
7012.0 10212.0 448.0 156.0 hifbop's
7516.0 10224.0 280.0 112.0 lawn
7832.0 10264.0 32.0 88.0 ;
7904.0 10224.0 176.0 112.0 the
8132.0 10228.0 448.0 152.0 marfbil
8620.0 10264.0 52.0 72.0 s
8704.0 10264.0 40.0 100.0 ;
8788.0 10256.0 252.0 84.0 trun-

6692.0 10380.0 396.0 136.0 cheon;
7160.0 10384.0 176.0 108.0 the
7396.0 10388.0 416.0 108.0 baron's
7860.0 10392.0 304.0 132.0 robe;
8228.0 10396.0 212.0 108.0 and
8520.0 10388.0 176.0 112.0 the
8736.0 10392.0 300.0 148.0 judg

6692.0 10576.0 52.0 76.0 t
6784.0 10576.0 52.0 76.0 s
6884.0 10552.0 424.0 136.0 peruke,
7352.0 10580.0 272.0 80.0 were
7664.0 10548.0 536.0 148.0 confiderd
8236.0 10560.0 232.0 140.0 only
8552.0 10588.0 120.0 76.0 as
8752.0 10548.0 320.0 160.0 necef-

6656.0 10716.0 260.0 140.0 Jary
6940.0 10700.0 704.0 156.0 jubftitutes,
7736.0 10716.0 340.0 108.0 where
8136.0 10724.0 480.0 136.0 genuine
8668.0 10720.0 416.0 140.0 purity,

6688.0 10868.0 224.0 108.0 teal
6972.0 10900.0 504.0 116.0 courage,
7584.0 10876.0 360.0 112.0 native
8024.0 10872.0 476.0 156.0 dignity,
8600.0 10876.0 212.0 112.0 and
8920.0 10880.0 164.0 108.0 ui,

6688.0 11036.0 280.0 108.0 table
7000.0 11040.0 708.0 132.0 penetration,
7788.0 11072.0 272.0 76.0 were
8128.0 11048.0 488.0 144.0 wanting
8672.0 11068.0 376.0 84.0 tocem-

6672.0 11196.0 296.0 136.0 pleat
7052.0 11192.0 176.0 112.0 the
7304.0 11196.0 580.0 112.0 chaiaSen
7988.0 11200.0 120.0 152.0 of
8168.0 11204.0 272.0 160.0 thoje
8556.0 11232.0 104.0 88.0 to
8752.0 11208.0 328.0 108.0 whom

6684.0 11380.0 252.0 120.0 tltey
7020.0 11392.0 268.0 76.0 were
7352.0 11352.0 504.0 156.0 affigned.

6748.0 11512.0 28.0 20.0 '
6844.0 11516.0 108.0 116.0 It
7028.0 11552.0 220.0 80.0 was
7328.0 11524.0 340.0 144.0 uiged
7756.0 11524.0 240.0 112.0 that
8048.0 11524.0 356.0 144.0 policy
8496.0 11520.0 204.0 116.0 had
8784.0 11520.0 296.0 148.0 often

6676.0 11676.0 616.0 152.0 eff'eSuady
7364.0 11684.0 296.0 112.0 made
7728.0 11692.0 88.0 108.0 it
7884.0 11728.0 64.0 72.0 a
7996.0 11688.0 296.0 144.0 point
8364.0 11712.0 104.0 88.0 to
8516.0 11684.0 384.0 116.0 dazzle
8960.0 11688.0 116.0 108.0 in

6680.0 11844.0 300.0 108.0 order
7076.0 11868.0 100.0 88.0 to
7268.0 11840.0 392.0 152.0 ii.flave
7700.0 11884.0 40.0 104.0 ;
7852.0 11852.0 212.0 108.0 and
8180.0 11840.0 524.0 152.0 inflames
8804.0 11880.0 272.0 84.0 were

6676.0 12004.0 464.0 144.0 brought
7260.0 12024.0 104.0 124.0 of
7412.0 12016.0 632.0 152.0 groundlejs
8088.0 12008.0 624.0 152.0 distinction
8768.0 12016.0 312.0 108.0 borne

6676.0 12176.0 320.0 100.0 about
7156.0 12172.0 108.0 112.0 in
7348.0 12176.0 180.0 108.0 the
7604.0 12184.0 316.0 144.0 glare
8004.0 12172.0 120.0 152.0 of
8168.0 12176.0 200.0 148.0 day
8436.0 12180.0 124.0 140.0 by
8660.0 12172.0 412.0 116.0 certain

6672.0 12348.0 456.0 128.0 persons,
7224.0 12336.0 228.0 112.0 who
7552.0 12344.0 316.0 148.0 being
7940.0 12336.0 488.0 152.0 stripped
8568.0 12336.0 120.0 152.0 of
8788.0 12336.0 288.0 112.0 them

6680.0 12496.0 352.0 108.0 would
7116.0 12504.0 116.0 108.0 be
7312.0 12508.0 200.0 148.0 tejs
7564.0 12496.0 500.0 156.0 esteemed
8144.0 12504.0 256.0 116.0 than
8468.0 12496.0 180.0 120.0 the
8728.0 12536.0 296.0 80.0 mean-

6684.0 12652.0 140.0 148.0 ejl
6936.0 12684.0 520.0 116.0 plebeian.

6848.0 12824.0 176.0 112.0 Ih
7096.0 12828.0 840.0 152.0 acknovledged,
8072.0 12828.0 240.0 116.0 that
8412.0 12828.0 356.0 148.0 kings,
8896.0 12824.0 176.0 116.0 the

6656.0 12976.0 592.0 160.0 fountains
7368.0 12988.0 124.0 156.0 of
7580.0 13000.0 152.0 108.0 all
7812.0 13000.0 496.0 136.0 political
8404.0 12996.0 348.0 124.0 honor,
8868.0 12980.0 212.0 120.0 had

6692.0 13144.0 464.0 116.0 hithtrto
7200.0 13148.0 368.0 148.0 fbewn
7636.0 13192.0 128.0 72.0 no
7824.0 13164.0 740.0 148.0 complaijacne
8664.0 13176.0 104.0 88.0 to
8840.0 13152.0 240.0 112.0 that

6652.0 13312.0 212.0 148.0 Jex
6960.0 13312.0 324.0 156.0 wheje
7376.0 13316.0 360.0 156.0 Jofter
7820.0 13316.0 648.0 156.0 dijpofitwns
8580.0 13308.0 508.0 120.0 rendered

6692.0 13472.0 276.0 112.0 them
7072.0 13504.0 180.0 92.0 tne
7316.0 13520.0 272.0 72.0 more
7676.0 13488.0 560.0 152.0 excujably
8304.0 13480.0 284.0 156.0 fond
8648.0 13476.0 120.0 152.0 of
8796.0 13472.0 284.0 164.0 Juch

6672.0 13640.0 792.0 140.0 peculiarities.

6864.0 13796.0 280.0 132.0 That
7208.0 13804.0 176.0 120.0 'in
7452.0 13800.0 340.0 152.0 savor
7884.0 13804.0 124.0 156.0 of
8104.0 13808.0 180.0 116.0 the
8408.0 13808.0 432.0 128.0 Ladies,
8968.0 13804.0 120.0 120.0 he

6672.0 13956.0 388.0 156.0 fhou.d
7128.0 13960.0 368.0 156.0 esteem
7560.0 13972.0 428.0 160.0 himfeif
8004.0 13964.0 672.0 164.0 Jujftciently
8764.0 13972.0 328.0 148.0 happy

6696.0 14128.0 120.0 104.0 in
6900.0 14128.0 180.0 116.0 the
7208.0 14132.0 316.0 112.0 honor
7624.0 14132.0 116.0 156.0 of
7852.0 14140.0 516.0 152.0 inveutng
8460.0 14176.0 180.0 76.0 tne
8748.0 14140.0 336.0 132.0 order,

6696.0 14284.0 360.0 116.0 which
7112.0 14300.0 360.0 108.0 would
7552.0 14308.0 120.0 104.0 be
7728.0 14292.0 344.0 152.0 ftiled
8132.0 14304.0 180.0 116.0 the
8400.0 14296.0 252.0 156.0 most
8696.0 14324.0 352.0 128.0 power-

6692.0 14460.0 180.0 124.0 ful
6960.0 14452.0 304.0 116.0 order
7372.0 14472.0 100.0 140.0 of
7580.0 14468.0 520.0 112.0 beauties.
8584.0 14476.0 64.0 80.0 v

6780.0 14756.0 96.0 84.0 &

7080.0 14768.0 284.0 192.0 m
7624.0 14764.0 540.0 200.0 $&9
8908.0 14772.0 192.0 200.0 $

7320.0 15100.0 108.0 124.0 A
7676.0 15104.0 72.0 120.0 S
7924.0 15108.0 104.0 112.0 O
8200.0 15112.0 112.0 116.0 N
8480.0 15116.0 108.0 112.0 G

6716.0 15424.0 196.0 116.0 To
6992.0 15424.0 204.0 116.0 the
7280.0 15444.0 272.0 100.0 tune
7624.0 15424.0 136.0 112.0 of
7816.0 15428.0 400.0 120.0 "how
8324.0 15440.0 504.0 148.0 nappy's
8916.0 15436.0 208.0 120.0 the

6884.0 15584.0 412.0 120.0 soldier
7356.0 15592.0 272.0 112.0 who
7700.0 15592.0 280.0 116.0 lives
8040.0 15628.0 148.0 84.0 on
8252.0 15596.0 172.0 116.0 his
8492.0 15604.0 344.0 148.0 pay,-"
8904.0 15600.0 212.0 132.0 &c.

6720.0 15876.0 276.0 260.0 I5
7052.0 15884.0 272.0 108.0 OW
7404.0 15884.0 484.0 140.0 nappy's
7964.0 15888.0 196.0 108.0 the
8280.0 15896.0 484.0 148.0 Lawyer
8840.0 15896.0 264.0 108.0 who

6932.0 16000.0 80.0 140.0 1
7384.0 16040.0 276.0 112.0 lives
7724.0 16044.0 356.0 112.0 onhis
8184.0 16044.0 280.0 140.0 sees,

6728.0 16200.0 316.0 112.0 Who
7108.0 16200.0 736.0 152.0 fpendswhat
7916.0 16208.0 148.0 112.0 he
8108.0 16240.0 292.0 112.0 gets,
8468.0 16216.0 636.0 144.0 forhegcts

7188.0 16368.0 88.0 112.0 it
7340.0 16360.0 272.0 120.0 with
7684.0 16364.0 288.0 136.0 ease,

6724.0 16528.0 188.0 116.0 He
6980.0 16524.0 288.0 120.0 sears
7360.0 16528.0 432.0 120.0 neither
7904.0 16532.0 424.0 144.0 pistols,
8436.0 16572.0 216.0 80.0 nor
8732.0 16532.0 348.0 124.0 horse

6932.0 16804.0 20.0 32.0 ,
7056.0 16696.0 404.0 148.0 whips,
7560.0 16724.0 200.0 80.0 nor
7864.0 16692.0 480.0 140.0 swords,

6728.0 16864.0 224.0 108.0 But
7004.0 16856.0 304.0 144.0 gains
7376.0 16852.0 140.0 112.0 all
7556.0 16844.0 172.0 124.0 his
7768.0 16856.0 384.0 144.0 points
8224.0 16864.0 276.0 116.0 with
8548.0 16864.0 200.0 120.0 the
8808.0 16860.0 324.0 124.0 force

7056.0 17020.0 132.0 116.0 of
7244.0 17020.0 172.0 116.0 his
7456.0 17012.0 420.0 116.0 woids.

6896.0 17188.0 192.0 116.0 He
7216.0 17212.0 324.0 84.0 cares
7636.0 17204.0 204.0 88.0 not
8008.0 17208.0 56.0 76.0 a
8180.0 17176.0 532.0 160.0 marvedy
8852.0 17188.0 280.0 120.0 how

7304.0 17344.0 196.0 112.0 the
7592.0 17332.0 368.0 124.0 world
8052.0 17364.0 412.0 112.0 taunts,

6740.0 17516.0 212.0 112.0 His
7040.0 17504.0 348.0 116.0 client
7480.0 17496.0 228.0 120.0 find
7776.0 17496.0 292.0 140.0 cash,
8160.0 17504.0 372.0 116.0 which
8652.0 17508.0 480.0 156.0 supplies

7300.0 17660.0 140.0 116.0 all
7508.0 17664.0 176.0 116.0 his
7756.0 17692.0 396.0 104.0 wants,

6732.0 17840.0 188.0 116.0 He
7024.0 17828.0 388.0 148.0 laughs
7488.0 17852.0 108.0 88.0 at
7668.0 17824.0 140.0 112.0 all
7916.0 17828.0 420.0 112.0 sorrow
8544.0 17864.0 244.0 92.0 --.no
8872.0 17840.0 260.0 156.0 pain

7344.0 17992.0 84.0 108.0 it
7504.0 17984.0 476.0 144.0 affords.

6736.0 18160.0 228.0 112.0 But
7116.0 18144.0 544.0 120.0 thunders
7832.0 18184.0 316.0 120.0 away
8340.0 18180.0 116.0 92.0 at
8604.0 18168.0 208.0 116.0 the
8944.0 18172.0 228.0 116.0 bar

7228.0 18316.0 284.0 112.0 with
7580.0 18316.0 180.0 112.0 his
7852.0 18308.0 416.0 124.0 words.

6672.0 18580.0 44.0 24.0 .
6892.0 18480.0 268.0 116.0 The
7236.0 18480.0 516.0 112.0 barhis
7816.0 18468.0 480.0 164.0 delight,
8340.0 18488.0 204.0 120.0 and
8608.0 18496.0 176.0 116.0 his
8848.0 18492.0 300.0 156.0 plea-

7304.0 18640.0 248.0 124.0 fute
7632.0 18640.0 460.0 144.0 always,

6732.0 18804.0 108.0 116.0 It
6920.0 18800.0 300.0 120.0 leads
7344.0 18804.0 232.0 112.0 him
7676.0 18828.0 116.0 88.0 to
7940.0 18808.0 408.0 140.0 honor,
8500.0 18808.0 212.0 120.0 and
8776.0 18816.0 372.0 156.0 glory,

7324.0 18988.0 208.0 92.0 and
7616.0 18972.0 416.0 144.0 praifc,

6892.0 19132.0 200.0 120.0 No
7156.0 19120.0 252.0 160.0 lady
7476.0 19128.0 240.0 112.0 that
7816.0 19128.0 328.0 116.0 hears
8244.0 19132.0 272.0 136.0 him,
8600.0 19128.0 196.0 124.0 but
8888.0 19140.0 236.0 120.0 will-

7348.0 19296.0 180.0 140.0 ing
7628.0 19296.0 500.0 136.0 accords,

6736.0 19448.0 188.0 124.0 To
6968.0 19444.0 308.0 160.0 yield
7352.0 19488.0 144.0 124.0 up
7564.0 19456.0 212.0 116.0 her
7876.0 19452.0 300.0 120.0 hand
8288.0 19480.0 120.0 88.0 to
8524.0 19460.0 200.0 120.0 the
8848.0 19460.0 332.0 124.0 force

7624.0 19616.0 140.0 124.0 of
7832.0 19624.0 176.0 116.0 his
8056.0 19652.0 96.0 84.0 w
8196.0 19620.0 296.0 120.0 ords.

9304.0 1924.0 120.0 80.0 r-
9496.0 1932.0 76.0 92.0 n
10072.0 1920.0 84.0 68.0 r
10252.0 1916.0 84.0 48.0 "
10384.0 1860.0 328.0 140.0 AIR,
11444.0 1920.0 56.0 28.0 -

9280.0 2016.0 260.0 120.0 Alas
9584.0 2028.0 24.0 108.0 !
9708.0 2056.0 184.0 116.0 my
9960.0 2020.0 456.0 148.0 Friend,
10464.0 2032.0 224.0 132.0 ,the
10748.0 2024.0 456.0 144.0 sleeting
11272.0 2052.0 368.0 120.0 yearsj

9444.0 2184.0 176.0 112.0 Of
9660.0 2196.0 352.0 104.0 time's
10080.0 2188.0 296.0 116.0 fwitt
10440.0 2212.0 448.0 92.0 current
10948.0 2184.0 304.0 148.0 glide
11316.0 2220.0 312.0 116.0 away
11672.0 2220.0 48.0 104.0 ;

9272.0 2344.0 256.0 116.0 Nor
9724.0 2352.0 332.0 140.0 sighs
10176.0 2384.0 216.0 84.0 can
10508.0 2344.0 212.0 116.0 add
10856.0 2384.0 212.0 84.0 nor
11204.0 2348.0 516.0 116.0 conlUut

9780.0 2544.0 192.0 116.0 pra
10072.0 2544.0 256.0 116.0 yeis

9424.0 2668.0 200.0 120.0 To
9684.0 2708.0 212.0 80.0 our
9968.0 2668.0 308.0 120.0 short
10348.0 2672.0 388.0 120.0 Live's
10804.0 2708.0 56.0 80.0 a
10916.0 2668.0 340.0 152.0 single
11324.0 2676.0 308.0 148.0 Day.

10448.0 2976.0 332.0 144.0 AIR,

9824.0 3128.0 348.0 120.0 Then
10284.0 3128.0 248.0 124.0 let's
10636.0 3140.0 276.0 124.0 with
11032.0 3136.0 252.0 164.0 joy.

9836.0 3296.0 252.0 112.0 Our
10156.0 3300.0 924.0 152.0 hours-employ,

9408.0 3452.0 136.0 116.0 In
9600.0 3448.0 608.0 152.0 pleasure's
10384.0 3468.0 276.0 112.0 most
10760.0 3464.0 692.0 148.0 delighting;

9820.0 3620.0 244.0 112.0 Not
10156.0 3624.0 372.0 148.0 vainly
10636.0 3628.0 268.0 116.0 wise

9808.0 3784.0 432.0 112.0 Love's
10308.0 3768.0 860.0 168.0 JdyrdeTpire"
11252.0 3764.0 84.0 44.0 "

9416.0 3932.0 420.0 136.0 W,hilft
9932.0 3944.0 392.0 116.0 Youth
10388.0 3948.0 364.0 140.0 is,flill
10864.0 3956.0 512.0 144.0 inviting.

10476.0 4236.0 308.0 44.0 ...
10860.0 4164.0 48.0 100.0 4

9252.0 4268.0 160.0 112.0 As
9508.0 4272.0 332.0 116.0 Time
9888.0 4272.0 324.0 120.0 slows
10272.0 4276.0 192.0 156.0 by,
10604.0 4284.0 152.0 120.0 let
10824.0 4320.0 232.0 120.0 you
11148.0 4288.0 212.0 124.0 and
11440.0 4308.0 56.0 112.0 I

9288.0 4412.0 28.0 84.0 ;
9420.0 4436.0 440.0 116.0 Drown
9936.0 4440.0 148.0 112.0 all
10156.0 4476.0 208.0 84.0 our
10436.0 4452.0 284.0 112.0 Care
10792.0 4448.0 208.0 120.0 and
11068.0 4460.0 472.0 116.0 Sorrow

9264.0 4600.0 352.0 112.0 We'll
9736.0 4600.0 328.0 148.0 laugh
10140.0 4632.0 128.0 116.0 to.
10344.0 4616.0 300.0 140.0 Day,
10744.0 4620.0 348.0 116.0 while
11196.0 4656.0 200.0 116.0 yet
11508.0 4660.0 196.0 100.0 wo

10060.0 4848.0 16.0 32.0 ,
10164.0 4804.0 300.0 116.0 may,

9436.0 4920.0 256.0 124.0 And
9728.0 4932.0 320.0 116.0 think
10084.0 4932.0 136.0 116.0 of
10272.0 4940.0 384.0 116.0 Death
10724.0 4968.0 716.0 104.0 to-monow.

9260.0 5216.0 220.0 148.0 My
9596.0 5220.0 364.0 120.0 friend
10036.0 5224.0 104.0 116.0 &
10232.0 5236.0 48.0 112.0 I
10372.0 5256.0 116.0 92.0 to
10552.0 5244.0 260.0 148.0 Day
10884.0 5244.0 300.0 120.0 have
11248.0 5244.0 168.0 120.0 rid

9420.0 5384.0 248.0 112.0 Full
9712.0 5392.0 348.0 140.0 thirty
10132.0 5396.0 360.0 136.0 miles,
10568.0 5428.0 120.0 84.0 to
10744.0 5404.0 372.0 116.0 banish
11196.0 5412.0 492.0 148.0 sorrow;

9260.0 5540.0 252.0 120.0 And
9608.0 5584.0 264.0 76.0 now
9936.0 5552.0 220.0 116.0 alas
10196.0 5564.0 24.0 112.0 !
10292.0 5592.0 176.0 84.0 wc
10540.0 5572.0 308.0 152.0 jnuft
10944.0 5596.0 116.0 84.0 to
11152.0 5572.0 212.0 116.0 bed

9416.0 5704.0 192.0 120.0 To
9696.0 5728.0 172.0 132.0 try
9956.0 5732.0 120.0 88.0 to
10136.0 5708.0 300.0 156.0 sleep
10548.0 5724.0 288.0 108.0 until
10936.0 5752.0 720.0 88.0 to-morrow.

10052.0 6280.0 148.0 152.0 X
10404.0 6292.0 216.0 144.0 H'
10748.0 6296.0 112.0 144.0 E

9280.0 6664.0 236.0 84.0 sy
9584.0 6664.0 988.0 128.0 atvAT
10720.0 6692.0 664.0 100.0 nTTT
11588.0 6708.0 84.0 84.0 r

9272.0 6744.0 1400.0 212.0 SorJJJiJJL
10784.0 6744.0 124.0 116.0 J
10956.0 6744.0 236.0 196.0 H
11296.0 6744.0 352.0 200.0 IN

11012.0 7016.0 40.0 40.0 ,
11252.0 6908.0 120.0 68.0 x

9272.0 7172.0 236.0 160.0 TS
9660.0 7236.0 72.0 92.0 a
9812.0 7192.0 668.0 156.0 beautiful
10692.0 7216.0 452.0 184.0 bright
11356.0 7228.0 324.0 188.0 bay.

9268.0 7356.0 120.0 96.0 x
9552.0 7388.0 236.0 144.0 full
9964.0 7396.0 460.0 148.0 fifteen
10672.0 7412.0 440.0 152.0 hands
11288.0 7428.0 408.0 184.0 high;

9264.0 7596.0 328.0 140.0 wi'h
9732.0 7644.0 72.0 88.0 a
9912.0 7592.0 440.0 180.0 figure
10480.0 7600.0 280.0 148.0 that
10920.0 7624.0 416.0 140.0 needs
11496.0 7680.0 180.0 96.0 no

9276.0 7796.0 1108.0 144.0 commendation
10468.0 7908.0 36.0 56.0 ,
10764.0 7812.0 268.0 140.0 will
11280.0 7872.0 408.0 100.0 cover

9284.0 8032.0 432.0 96.0 mares
9884.0 7992.0 260.0 136.0 this
10264.0 8000.0 432.0 140.0 season
10836.0 8004.0 136.0 140.0 in
9264.0 8024.0 2432.0 336.0 L-xin"-ton,

9688.0 8224.0 132.0 100.0 at
9980.0 8220.0 272.0 104.0 two
10424.0 8196.0 596.0 148.0 hundred
11144.0 8236.0 536.0 160.0 pounds

9260.0 8376.0 160.0 140.0 of
9540.0 8380.0 988.0 148.0 merchantable
10712.0 8396.0 708.0 196.0 Tobacco,
11520.0 8464.0 160.0 92.0 or

9280.0 8572.0 400.0 180.0 thirty
9768.0 8580.0 588.0 184.0 millings
10416.0 8592.0 296.0 144.0 cash
10836.0 8600.0 212.0 136.0 the
11184.0 8608.0 488.0 184.0 fealon,

9264.0 8816.0 156.0 88.0 or
9516.0 8808.0 268.0 104.0 two
9848.0 8780.0 484.0 140.0 dollars
10448.0 8792.0 228.0 132.0 the
10808.0 8784.0 396.0 196.0 single
11276.0 8804.0 288.0 184.0 leap
11620.0 8876.0 48.0 92.0 ;

9272.0 9004.0 132.0 96.0 to
9524.0 8976.0 160.0 128.0 be
9820.0 8976.0 296.0 172.0 paid
10240.0 9024.0 176.0 92.0 en
10604.0 9032.0 148.0 92.0 or
10880.0 8996.0 452.0 144.0 befcre
11448.0 9012.0 244.0 132.0 the

9272.0 9156.0 264.0 148.0 firlt
9632.0 9168.0 264.0 176.0 day
10092.0 9180.0 136.0 136.0 of
10336.0 9180.0 796.0 148.0 November
11252.0 9240.0 400.0 96.0 next.

9268.0 9356.0 112.0 140.0 It
9456.0 9412.0 96.0 84.0 is
9604.0 9364.0 600.0 140.0 needless
10300.0 9416.0 140.0 88.0 to
10580.0 9376.0 216.0 180.0 say
10892.0 9436.0 268.0 136.0 any
11288.0 9388.0 392.0 188.0 thing

9260.0 9576.0 132.0 108.0 ot
9568.0 9568.0 224.0 128.0 the
9972.0 9560.0 1004.0 184.0 performances
11104.0 9576.0 160.0 148.0 of
11420.0 9588.0 260.0 144.0 this

9268.0 9744.0 264.0 148.0 sine
9712.0 9756.0 428.0 164.0 horie,
10248.0 9744.0 324.0 208.0 only
10720.0 9776.0 288.0 140.0 that
11140.0 9780.0 164.0 136.0 he
11416.0 9832.0 252.0 96.0 can

9272.0 9948.0 296.0 140.0 beat
9720.0 9996.0 264.0 136.0 any
10104.0 9960.0 368.0 144.0 horse
10568.0 9968.0 124.0 136.0 in
10768.0 9964.0 228.0 148.0 the
11080.0 9972.0 584.0 160.0 .D.ftnft

9264.0 10152.0 220.0 128.0 the
9608.0 10148.0 300.0 140.0 sour
10012.0 10160.0 316.0 132.0 mile
10448.0 10168.0 368.0 140.0 heats
11044.0 10168.0 252.0 144.0 His
11404.0 10228.0 168.0 128.0 pe-

9252.0 10336.0 452.0 184.0 digree
9836.0 10392.0 100.0 92.0 is
10084.0 10352.0 404.0 144.0 Ihort-
10696.0 10364.0 168.0 136.0 he
10988.0 10416.0 388.0 96.0 came
11432.0 10404.0 244.0 116.0 out

9248.0 10532.0 164.0 140.0 of
9560.0 10536.0 276.0 144.0 Col.
9980.0 10540.0 676.0 156.0 Braxton's
10792.0 10560.0 352.0 184.0 K,tty
11288.0 10568.0 304.0 152.0 Flitt-

9252.0 10776.0 188.0 124.0 er,
9588.0 10740.0 264.0 128.0 and
9936.0 10784.0 280.0 92.0 was
10392.0 10796.0 244.0 124.0 got
10808.0 10760.0 176.0 168.0 by
11124.0 10796.0 216.0 136.0 try-
11408.0 10768.0 232.0 136.0 old

9252.0 10916.0 740.0 188.0 Gjdolpnin
10184.0 10980.0 580.0 96.0 tinman.

9900.0 11120.0 828.0 128.0 NICHOLAS
10900.0 11132.0 588.0 128.0 LAFON.

9408.0 11276.0 624.0 156.0 Lexington
10104.0 11284.0 400.0 124.0 March
10628.0 11332.0 172.0 100.0 io,
10912.0 11312.0 344.0 128.0 1789.

9236.0 11652.0 680.0 240.0 'pAken
10124.0 11720.0 176.0 132.0 up
10436.0 11716.0 172.0 132.0 uy
10788.0 11680.0 216.0 132.0 the
11132.0 11700.0 316.0 128.0 mbl.
11504.0 11748.0 92.0 80.0 n-

9528.0 11876.0 272.0 164.0 ber,
9916.0 11864.0 428.0 184.0 living
10496.0 11912.0 260.0 96.0 one
10868.0 11880.0 300.0 136.0 mile
11304.0 11892.0 148.0 132.0 fr
11516.0 11940.0 148.0 92.0 m

9244.0 12064.0 800.0 180.0 Lexington,
10112.0 12116.0 68.0 84.0 a
10220.0 12068.0 276.0 132.0 dun
10568.0 12064.0 628.0 152.0 coloured
11272.0 12084.0 388.0 164.0 Cow.

9248.0 12260.0 312.0 140.0 with
9748.0 12260.0 368.0 136.0 some
10292.0 12272.0 400.0 124.0 white
10892.0 12292.0 400.0 164.0 Ipots,
11480.0 12328.0 184.0 92.0 no

9240.0 12460.0 392.0 140.0 mark
9696.0 12500.0 152.0 88.0 or
9912.0 12456.0 420.0 140.0 brand
10432.0 12456.0 884.0 192.0 perceivable,
11432.0 12480.0 240.0 140.0 has

9168.0 12648.0 476.0 184.0 .lately
9796.0 12652.0 516.0 148.0 calved,
10464.0 12648.0 448.0 184.0 ported
11044.0 12676.0 272.0 132.0 and
11428.0 12724.0 168.0 132.0 ap-

9236.0 12840.0 508.0 188.0 praifed
9880.0 12892.0 136.0 92.0 to
10148.0 12840.0 300.0 188.0 fifty
10576.0 12848.0 536.0 196.0 fhillngs
11188.0 12928.0 40.0 96.0 ;
11356.0 12864.0 316.0 148.0 The

9240.0 13084.0 84.0 96.0 0
9368.0 13104.0 64.0 72.0 a
9472.0 13096.0 228.0 92.0 ner
9808.0 13040.0 100.0 144.0 is
10064.0 13040.0 512.0 144.0 desired
10656.0 13088.0 136.0 100.0 to
10856.0 13104.0 384.0 96.0 come
11392.0 13068.0 280.0 136.0 and

9256.0 13284.0 416.0 136.0 p.ove
9772.0 13240.0 200.0 140.0 his
10052.0 13288.0 668.0 136.0 property,
10864.0 13296.0 256.0 136.0 pay
11256.0 13264.0 304.0 136.0 char-

9256.0 13488.0 236.0 100.0 gs
9636.0 13444.0 260.0 128.0 and
10008.0 13448.0 300.0 128.0 take
10448.0 13448.0 364.0 136.0 them
10932.0 13496.0 440.0 140.0 away.

9256.0 13624.0 404.0 124.0 March
9768.0 13620.0 308.0 148.0 i$th,
10160.0 13640.0 356.0 132.0 1788.

9936.0 13872.0 84.0 68.0 ,.
10384.0 13792.0 372.0 152.0 James
10920.0 13804.0 588.0 128.0 Walker.

9276.0 14532.0 132.0 148.0 T
9512.0 14540.0 544.0 188.0 Hereby
10188.0 14552.0 304.0 180.0 give
10552.0 14556.0 492.0 180.0 notice,
11092.0 14556.0 284.0 144.0 that
11444.0 14552.0 228.0 140.0 the

9472.0 14740.0 300.0 172.0 law,
9836.0 14740.0 844.0 192.0 eftabhfhing
10784.0 14804.0 68.0 88.0 a
10956.0 14756.0 472.0 136.0 Town
11520.0 14788.0 136.0 100.0 at

9284.0 14944.0 232.0 144.0 the
9556.0 14944.0 480.0 136.0 mouth
10156.0 14940.0 160.0 148.0 of
10452.0 14948.0 800.0 180.0 l.imeftone,
11392.0 14944.0 276.0 140.0 will

9288.0 15132.0 652.0 188.0 probably
10000.0 15136.0 164.0 144.0 be
10280.0 15140.0 500.0 144.0 altered
10856.0 15216.0 36.0 80.0 :
10968.0 15144.0 316.0 144.0 And
11364.0 15140.0 44.0 140.0 I
11484.0 15144.0 184.0 136.0 do

9288.0 15336.0 496.0 176.0 hereby
9988.0 15336.0 436.0 144.0 forbid
10596.0 15340.0 220.0 144.0 the
10984.0 15340.0 692.0 168.0 Truitees,

9284.0 15528.0 352.0 144.0 from
9704.0 15520.0 468.0 188.0 ading
10288.0 15536.0 428.0 136.0 under
10844.0 15540.0 216.0 140.0 the
11164.0 15536.0 508.0 140.0 former

9288.0 15732.0 312.0 148.0 law,
9708.0 15724.0 264.0 136.0 and
10080.0 15720.0 512.0 144.0 further
10720.0 15728.0 672.0 144.0 forewarn
11496.0 15728.0 192.0 140.0 all

9292.0 15908.0 540.0 196.0 persons
9992.0 15908.0 360.0 148.0 from
10472.0 15916.0 784.0 188.0 purchasing
11300.0 15916.0 380.0 184.0 John

9296.0 16116.0 436.0 176.0 May's
9824.0 16104.0 368.0 176.0 land,
10280.0 16120.0 420.0 140.0 under
10764.0 16120.0 220.0 140.0 the
11076.0 16120.0 548.0 180.0 Defcrip-

9292.0 16356.0 284.0 92.0 tion
9644.0 16292.0 164.0 144.0 of
9820.0 16308.0 340.0 160.0 John
10296.0 16312.0 432.0 180.0 May's
10828.0 16316.0 260.0 144.0 and
11196.0 16312.0 484.0 144.0 Simon

9292.0 16500.0 664.0 160.0 Kenton's,
10088.0 16552.0 148.0 88.0 as
10392.0 16512.0 344.0 164.0 John
10872.0 16536.0 372.0 152.0 May,
11400.0 16512.0 280.0 136.0 and

9296.0 16684.0 464.0 156.0 Simon
9856.0 16688.0 508.0 152.0 Kenton
10576.0 16708.0 340.0 136.0 have
11060.0 16756.0 180.0 92.0 no
11376.0 16704.0 312.0 148.0 such

9292.0 16876.0 364.0 184.0 land,
9764.0 16896.0 268.0 132.0 and
10160.0 16892.0 168.0 144.0 of
10440.0 16892.0 496.0 184.0 coiufc,
11000.0 16900.0 692.0 148.0 whatever

9296.0 17072.0 108.0 152.0 is
9484.0 17092.0 352.0 136.0 done
9908.0 17096.0 424.0 136.0 under
10436.0 17100.0 228.0 136.0 the
10736.0 17092.0 500.0 144.0 former
11368.0 17100.0 312.0 180.0 law,

9308.0 17284.0 256.0 140.0 will
9672.0 17284.0 164.0 136.0 be
9900.0 17280.0 756.0 152.0 considered
10700.0 17340.0 144.0 88.0 as
11004.0 17292.0 272.0 136.0 null
11416.0 17300.0 272.0 140.0 and

9304.0 17468.0 324.0 124.0 void.
9704.0 17576.0 16.0 28.0 ,
10628.0 17484.0 424.0 152.0 JOHN
11132.0 17480.0 404.0 120.0 MAY.

9456.0 17628.0 284.0 156.0 Jan.
9840.0 17624.0 236.0 144.0 7th,
10180.0 17668.0 32.0 76.0 1
10256.0 17644.0 224.0 124.0 789
10988.0 17644.0 136.0 112.0 (b
11200.0 17676.0 132.0 76.0 2t
11416.0 17644.0 192.0 112.0 tfl

9612.0 17964.0 636.0 160.0 JUST
10424.0 17964.0 1068.0 124.0 OPENED

9376.0 18296.0 128.0 140.0 A
9600.0 18300.0 272.0 136.0 ND
10024.0 18292.0 212.0 144.0 for
10316.0 18300.0 296.0 140.0 Sale
10680.0 18304.0 180.0 180.0 by
10908.0 18308.0 344.0 172.0 John
11316.0 18304.0 392.0 148.0 Rhea

9308.0 18536.0 20.0 20.0 "
9636.0 18540.0 128.0 96.0 at
9824.0 18492.0 200.0 140.0 his
10056.0 18492.0 376.0 140.0 Store
10496.0 18544.0 132.0 100.0 at
10700.0 18504.0 480.0 136.0 Scott's
11248.0 18504.0 412.0 140.0 Ware-

9312.0 18692.0 680.0 140.0 Houfeon
10060.0 18692.0 224.0 136.0 the
10388.0 18700.0 760.0 176.0 Kentucky,
11252.0 18748.0 72.0 88.0 a
11400.0 18748.0 328.0 140.0 very

9312.0 18884.0 532.0 184.0 general
9896.0 18884.0 804.0 148.0 Aflortment
10756.0 18884.0 156.0 144.0 of
10968.0 18920.0 268.0 144.0 Dry
11280.0 18900.0 468.0 140.0 Goods

9316.0 19088.0 388.0 136.0 Hard
9792.0 19076.0 416.0 136.0 Ware
10280.0 19080.0 268.0 136.0 and
10712.0 19088.0 688.0 176.0 groceries,
11528.0 19092.0 216.0 144.0 for

9328.0 19280.0 428.0 140.0 which
9820.0 19272.0 352.0 172.0 cash,
10300.0 19272.0 708.0 180.0 Tobacco,
11128.0 19276.0 624.0 208.0 ginfangj

9324.0 19476.0 444.0 176.0 Furrs,
10052.0 19512.0 152.0 92.0 iz.
10332.0 19472.0 568.0 168.0 Beaver,
11084.0 19472.0 672.0 200.0 Racoons,

9340.0 19672.0 484.0 160.0 Foxes,
10028.0 19660.0 368.0 144.0 Wild
10528.0 19704.0 276.0 100.0 cats
10972.0 19676.0 264.0 132.0 and
11308.0 19700.0 380.0 116.0 OKer-

9344.0 19864.0 388.0 160.0 ekins
9856.0 19856.0 272.0 152.0 will
10176.0 19864.0 176.0 148.0 be
10416.0 19860.0 420.0 152.0 taken
10876.0 19852.0 828.0 208.0 inpayment

12044.0 17860.0 104.0 148.0 k
